2050 3324
726 225 1000 266 -19-

72 343 181 386 virili
213 351 324 401 parte
353 344 550 387 medelam
581 343 808 397 adhibeam,
840 345 921 387 iam
955 345 1187 389 elaborabo.
1242 346 1432 391 Ceterum
1471 348 1655 392 incedere

71 432 135 458 me
166 417 207 458 in
238 417 325 459 solo
355 418 453 458 satis
484 417 639 460 lubrico
669 417 792 473 probe
823 417 925 469 sci0;
964 425 1098 460 tamen
1131 434 1248 475 spero
1278 435 1499 462 memorem
1530 420 1654 464 Cato-

71 488 184 531 niani
216 489 328 531 illius
360 505 459 540 ,rem
489 496 593 542 tene,
627 490 749 531 verba
779 490 1033 544 sequentur?
1077 497 1184 533 certe
1225 507 1308 533 non
1352 507 1464 534 mera
1498 493 1656 535 somnia

75 575 148 618 pro
179 561 267 618 ipsa
298 562 467 603 veritate
496 577 561 604 me
592 561 896 603 venditaturum
935 576 1072 616 neque
1105 563 1407 606 sanctissimam
1438 564 1551 606 illam
1583 580 1656 607 ne-

74 632 229 675 sciendi
260 641 385 676 artem
418 634 541 675 nimis
573 648 690 690 saepe
721 640 871 675 temere
901 633 1162 675 violaturum.

208 716 522 759 Proficiscamur
538 732 561 758 a
586 716 882 774 perpendendis
905 716 1006 759 locis
1031 717 1257 770 nonnullis,
1283 718 1351 772 qui
1376 719 1456 760 nisi
1480 719 1655 775 singulis

70 789 317 845 quibusdam
348 789 558 832 vocabulis
590 789 745 832 truncis
776 799 883 832 recte
914 789 1113 846 suppletis
1145 790 1353 846 persanari
1384 799 1598 846 nequeant.

204 870 373 915 Contr.
405 872 438 914 Ι.
470 873 566 924 2‚17
597 888 635 929 p.
667 873 833 915 89—90
862 873 1144 928 Kiesslingius
1179 889 1230 915 ex
1263 873 1481 917 Ribbeckii
1518 876 1655 918 conie-

69 950 183 987 ctura
211 943 357 988 edidit:
390 946 552 987 Fuscus
571 962 656 1003 pro
683 946 823 1003 puella
854 947 1025 988 colorem
1046 947 1150 988 hunc
1171 946 1420 988 introduxit:
1449 949 1657 990 voluerunt

69 1016 119 1059 di
135 1019 380 1060 immortales
401 1019 440 1060 iu
462 1019 538 1060 hac
559 1019 703 1075 puella
730 1019 834 1060 vires
862 1035 959 1060 suas
981 1018 1197 1070 ostendere,
1228 1028 1271 1060 ut
1297 1029 1515 1076 appareret
1536 1037 1656 1076 quam

67 1091 181 1132 nulla
210 1091 272 1131 vis
300 1090 476 1131 hmnana
506 1089 668 1132 divinae.
698 1092 921 1133 resisteret:
952 1090 1039 1143 (nil)
1070 1091 1234 1148 mayis¹)
1267 1099 1513 1148 patin-erunt
1533 1108 1657 1150 posse

69 1163 266 1205 mab-acuto
297 1179 378 1204 esse
408 1162 561 1218 (quam)
600 1164 644 1204 in
681 1164 845 1219 captiva
881 1163 1121 1215 libertatem,
1156 1164 1200 1204 in
1230 1165 1459 1220 prostituta
1490 1164 1655 1222 pudici-

67 1236 189 1287 tiam,
227 1237 268 1277 in
299 1234 504 1276 homicida
542 1236 822 1277 imzocentiam.
888 1234 1078 1289 Emergit
1112 1235 1170 1276 ita
1205 1249 1302 1277 sane
1340 1235 1466 1291 aliqui
1496 1251 1655 1289 sensus,

69 1306 141 1348 sed
170 1306 276 1356 vide,
321 1321 444 1361 quam
490 1306 657 1348 licenter
701 1306 781 1348 duo
825 1306 1024 1349 vocabula
1067 1306 1241 1349 diversis
1278 1307 1379 1350 locis
1409 1308 1654 1350 inserantur.

67 1379 201 1421 Immo
231 1379 490 1421 scribendum
525 1379 702 1421 videtur:
749 1397 868 1435 qnam
898 1381 1013 1421 nulla
1042 1381 1104 1422 vis
1132 1381 1310 1422 humana
1349 1381 1514 1423 divinae
1555 1383 1656 1424 resi-

65 1460 186 1494 steret
228 1453 510 1494 maiestati:
544 1461 848 1510 putaverant
892 1468 1016 1510 posse
1058 1453 1257 1494 miraculo
1301 1469 1385 1495 esse
1429 1470 1507 1509 eqs.
1567 1451 1654 1496 Cfr.

65 1539 104 1581 p.
133 1524 283 1575 381,2l
318 1526 565 1566 Violatorum
594 1526 802 1567 mancinum
832 1526 1038 1567 maiestate
1070 1526 1278 1582 compulsa
1308 1535 1384 1578 est,
1414 1534 1459 1567 ut
1486 1527 1596 1568 mori
1621 1535 1656 1568 et

64 1597 179 1639 vellet
208 1606 244 1639 et
273 1597 430 1639 deberet
460 1606 495 1639 et
524 1613 603 1639 72on
624 1605 777 1654 posset.

198 1677 366 1722 Contr.
397 1678 492 1721 VII.
524 1679 658 1731 20,12.
692 1694 729 1735 p.
761 1678 903 1733 3405:
934 1680 1088 1722 Gravis
1124 1681 1358 1723 scolasticos
1392 1681 1553 1723 morbus
1591 1682 1655 1723 in-

69 1753 195 1795 vasit:
225 1753 409 1810 exempla
439 1768 528 1793 cum
560 1752 763 1806 dia-erunt,
799 1753 936 1794 volunt
972 1754 1048 1795 illa
1077 1752 1134 1794 ad
1162 1753 1332 1810 aliquod
1360 1755 1656 1796 corvtroversiae

69 1826 200 1867 thema
236 1824 438 1881 redc'yere5
475 1847 530 1852 —
560 1823 705 1865 deinde
734 1830 873 1865 narrat
903 1823 1061 1867 Seneca
1087 1823 1256 1867 Musam
1286 1825 1491 1868 rhetorem
1519 1825 1656 1881 inepte

69 1896 287 1939 notissima
329 1895 505 1952 quadam
549 1895 598 1938 de
643 1895 787 1939 Croesi
831 1896 917 1938 filio
946 1896 1096 1939 fabella
1124 1912 1246 1938 usum
1276 1911 1378 1939 esse.
1435 1897 1486 1939 In
1517 1898 1654 1941 verbis

69 1968 151 2010 illis
195 1983 298 2024 quae
339 1969 537 2025 exscripsi
589 1968 785 2010 mendum
828 1969 1012 2011 nondum
1061 1969 1264 2011 detectum
1312 1969 1447 2012 inesse
1494 1976 1534 2012 et
1579 1986 1652 2027 pro

69 2042 252 2099 eaeempla
283 2058 371 2083 cum
402 2041 595 2084 dir-erunt
624 2041 763 2096 utique
792 2042 933 2098 reponi
954 2041 1099 2084 debere
1130 2042 1271 2084 didio
1283 2051 1437 2094 erunt,
1468 2042 1538 2097 qui
1567 2057 1653 2084 rem

68 2113 202 2169 ipsam
232 2114 487 2170 spectaverit,
518 2113 703 2167 libenter,
734 2120 845 2171 puto,
877 2113 1082 2156 concedet,

200 2196 366 2240 Contr.
406 2197 461 2241 X.
502 2197 639 2250 3422.
686 2213 723 2254 p.
768 2199 942 2251 511,15:
987 2198 1118 2256 Saepe
1160 2199 1311 2241 solebat
1356 2197 1428 2250 (sc.
1476 2197 1652 2252 Craton)

67 2271 183 2330 apud
219 2272 435 2314 Caesarem
471 2288 559 2314 cum
595 2271 810 2329 Timayerze
845 2272 1076 2329 confliqere,
1116 2272 1274 2314 homine
1314 2271 1458 2314 acidae
1495 2273 1655 2330 libianae

68 2352 104 2386 et
133 2345 208 2400 qui
233 2345 356 2386 nimis
385 2344 485 2385 liber
515 2351 624 2385 erat:
647 2352 749 2400 puto
780 2345 877 2400 quia
898 2343 971 2385 diu
990 2360 1071 2386 non
1088 2344 1249 2400 fuerat.
1272 2360 1322 2386 επ
1342 2345 1502 2402 captivo
1523 2360 1651 2397 cocus,

67 2432 117 2458 ex
147 2432 239 2458 coco
267 2414 526 2468 (lecticarius,
557 2415 620 2468 esc)
650 2416 857 2458 lecticario
886 2432 1010 2472 usque
1039 2417 1083 2458 in
1103 2417 1288 2458 intimam
1309 2417 1533 2459 amicitiam
1553 2416 1650 2458 Gae-

65 2489 176 2530 saris
192 2488 323 2544 felioe,
354 2504 478 2544 usqae
507 2503 552 2529 eo
580 2495 792 2544 utramque
809 2489 1032 2545 fortunam
1062 2489 1298 2546 contempsit
1327 2505 1406 2545 eqs.
1464 2486 1650 2529 Primum

66 2558 319 2602 monendum
349 2566 412 2601 est
440 2559 743 2614 Kiesslingium
773 2575 937 2616 operam
968 2559 1214 2616 perdidisse,
1251 2574 1345 2602 cum
1373 2575 1457 2602 non
1486 2565 1651 2602 conten-

66 2637 133 2673 tus
162 2632 269 2674 bona
298 2631 413 2674 codd.
444 2631 520 2674 TV
549 2632 722 2674 lectione
750 2634 794 2675 in
824 2634 1048 2675 amicitiam
1081 2647 1132 2675 ex
1169 2633 1233 2686 iis,
1269 2647 1374 2688 quae
1411 2632 1455 2674 in
1493 2631 1579 2674 cod.
1610 2632 1652 2674 A

65 2718 286 2758 agnoscere
316 2704 395 2746 sibi
425 2705 540 2747 visus
570 2710 668 2756 erat,
699 2704 876 2747 efficeret
905 2707 949 2747 in
983 2707 1170 2748 intimam
1205 2706 1450 2757 amicitiam3
1487 2698 1650 2747 demon-

67 2775 210 2818 stravit
237 2776 348 2818 enim
376 2776 433 2818 H.
464 2776 505 2819 J.
535 2776 799 2830 Muellerus2)
836 2776 986 2820 codicis
1015 2777 1058 2819 A
1086 2777 1260 2820 lectione
1289 2777 1525 2832 diligentius
1554 2791 1650 2819 exa-

203 2888 227 2928 1)
252 2886 296 2921 In
320 2886 419 2922 codd.
444 2886 510 2922 AB
535 2889 594 2922 est
615 2888 735 2922 masis.

199 2953 228 2997 ²)
257 2952 333 2988 Cfr.
356 2952 534 2989 Fleckeis.
559 2963 640 2988 ann.
666 2952 779 2989 CVII.
804 2963 837 2998 p·
861 2955 936 2993 540.
