2025 3131
956 145 1223 187 ..20-

299 269 454 311 minata
482 282 637 309 meram
666 266 722 308 ibi
754 267 921 309 subesse
956 265 1276 322 dittographiam
1305 266 1707 308 inaminamieieiam.
1776 265 1885 307 Mihi

299 346 436 382 autem
479 340 606 381 alium
650 338 888 394 scrupulum
933 338 1001 380 hic
1043 338 1158 380 locus
1203 337 1358 380 iniecit:
1398 351 1565 393 prorsus
1594 337 1796 378 absonum
1825 344 1888 379 est

297 412 401 454 illud
417 414 547 469 felix.
606 411 687 452 Pro
730 425 810 466 quo
854 410 952 466 quid
996 410 1156 452 restitui
1201 410 1346 451 debeat
1389 408 1560 450 dubium
1590 423 1674 450 non
1705 407 1887 451 videtur:

301 484 474 540 scripsit,
504 484 585 525 nisi
615 483 775 538 egregie
804 482 935 535 fallor,
967 480 1138 524 Seneca:
1170 500 1219 524 ese
1264 483 1471 524 lecticario
1506 498 1632 537 usque
1672 483 1715 523 in
1745 483 1888 523 amici-

300 558 398 598 tiam
442 556 634 598 Caesaris
678 556 856 597 enz‘oeus
899 571 1023 611 usque
1066 571 1109 596 eo
1145 586 1154 594 .
1189 587 1196 595 .
1229 555 1465 611 contempsit
1496 587 1504 595 .
1539 587 1546 594 .
1621 550 1758 594 Semel
1801 559 1890 595 orto

301 629 396 670 enin
424 645 548 684 usque
576 627 664 669 fieri
694 627 776 668 fere
805 642 889 669 non
918 632 1076 681 poterat
1106 626 1205 681 quin
1236 628 1330 668 emir
1351 626 1480 667 abiret
1512 625 1553 666 in
1571 626 1703 681 felir.
1763 622 1889 667 Simi-

305 699 396 741 liter
426 699 534 740 dixit
563 696 658 741 Sen.
691 698 740 740 de
771 699 882 740 brev.
914 698 986 740 vit.
1016 697 1114 739 XX.
1149 700 1182 739 l.
1215 698 1410 754 quosdam
1450 707 1664 754 antequam
1701 699 1745 740 iu
1781 714 1890 740 sum-

301 789 409 814 mum
439 773 671 814 ambitionis
711 772 967 822 eniterentur,
1012 771 1117 812 inter
1151 771 1297 827 prima
1341 770 1531 811 luctantis
1567 779 1678 811 aetas
1713 771 1891 826 reliquit,

303 850 342 886 et
386 842 494 886 Vell.
537 843 625 885 Pat.
670 843 725 884 II.
774 843 893 895 127,1
929 844 1087 884 novitas
1117 843 1319 898 familiae
1348 841 1460 883 haud
1479 842 1648 893 obstitit,
1681 843 1895 898 quominus

304 917 360 958 acl
402 917 647 973 multiplices
691 916 923 958 consulatus
967 915 1270 971 triumphosque
1314 923 1349 955 et
1393 914 1604 970 complura
1649 915 1896 956 eniterentur

305 988 548 1030 sacerdotia.

435 1059 591 1101 Eorum
621 1074 741 1116 porro
770 1058 964 1110 locorum,
995 1058 1039 1099 in
1068 1057 1217 1113 quibus
1256 1058 1438 1111 integrae
1476 1057 1646 1099 voculae
1686 1058 1896 1101 addendae

304 1132 423 1174 nobis
453 1131 681 1183 videantur,
712 1130 868 1187 primus
899 1130 952 1172 sit
981 1131 1052 1185 qui
1081 1130 1255 1172 habetur
1286 1128 1426 1172 Suas.
1449 1130 1483 1172 I.
1509 1131 1549 1172 4.
1580 1145 1619 1186 p.
1641 1130 1733 1183 42:
1767 1164 1776 1172 .
1808 1163 1817 1171 .
1850 1131 1898 1174 cle

303 1206 459 1248 Oceano
489 1213 621 1246 tamen
650 1204 836 1246 dubitant
854 1213 1040 1245 utrumne
1065 1213 1198 1245 terra-s·
1228 1204 1332 1245 velut
1360 1204 1565 1245 vinculum
1591 1203 1896 1260 oirczmfiuat,¹)

303 1295 356 1320 an
385 1279 429 1319 iu
457 1293 574 1319 suum
603 1277 819 1334 eolliyatur
859 1277 992 1318 orbem
1029 1285 1063 1318 et
1092 1277 1136 1318 in
1170 1277 1241 1318 laos
1266 1293 1348 1333 per
1386 1292 1485 1331 quos
1521 1277 1741 1333 naviqatur
1784 1277 1899 1318 sinus

306 1350 429 1406 quasi
444 1351 696 1406 spiramenta
726 1348 925 1404 quaedam
954 1348 1251 1406 maynitudinis
1283 1351 1495 1390 exaestuet.
1556 1346 1674 1399 Quid
1704 1347 1787 1388 sint
1815 1349 1899 1405 spi-

305 1430 490 1464 ramenta
518 1421 813 1478 wiza-quitudinis
853 1420 957 1462 mihi
1000 1426 1107 1462 certe
1142 1435 1225 1462 non
1260 1420 1401 1475 liquet.
1462 1418 1562 1462 Sine
1592 1419 1717 1462 dubio
1748 1419 1898 1462 excidit

306 1494 565 1546 adiectivum‚
610 1507 742 1548 neque
787 1492 905 1535 video
949 1492 1049 1548 quid
1078 1493 1212 1549 aptius
1244 1492 1298 1534 sit
1326 1507 1470 1548 quam:
1503 1494 1625 1549 quasi
1648 1494 1901 1550 spiramenta

307 1567 507 1624 quaedam
538 1567 580 1618 (a
588 1583 627 1608 m
630 1584 666 1624 p
677 1567 693 1608 Z
699 1583 725 1608 a
733 1565 765 1619 e)
796 1566 1104 1624 maynitudinis.

441 1648 585 1691 Suas.
616 1649 695 1693 ΙΙΙ.
725 1650 764 1692 5.
795 1665 832 1706 p.
865 1651 1008 1703 26,16:
1053 1650 1213 1693 Solebat
1256 1658 1388 1692 autem
1426 1650 1586 1692 Fuscus
1630 1666 1680 1691 eoe
1724 1650 1899 1707 Verqilio

310 1725 440 1766 multa
468 1723 639 1774 trahere,
683 1731 725 1763 ut
769 1723 1001 1765 Maecenati
1040 1725 1278 1780 imputaret:
1322 1724 1436 1764 toties
1474 1724 1579 1765 enim
1600 1738 1684 1779 pro
1714 1722 1900 1778 beneficio

310 1797 510 1838 narrabat
538 1796 583 1836 iu
612 1795 753 1851 aliqua
795 1811 837 1836 se
881 1796 1116 1853 Veryiliana
1160 1795 1430 1852 descriptione
1464 1795 1696 1852 placuisse:
1725 1795 1830 1836 sicut
1858 1795 1902 1836 in

309 1870 385 1910 liae
415 1870 508 1925 ipsa
537 1869 729 1910 suasoria
759 1867 881 1910 dixit:
919 1866 1006 1910 ‘eur
1050 1869 1123 1910 iste
1166 1869 1271 1909 inter
1315 1868 1400 1909 eius
1438 1867 1685 1909 ministeium
1710 1867 1902 1923 placuit?

313 1957 386 1982 eur
429 1941 502 1982 lzoe
543 1957 586 1982 03
625 1940 723 1982 deus
759 1941 899 1997 eleyit?
935 1957 1008 1982 eur
1042 1941 1116 1982 hoe
1150 1941 1320 1982 sortitur
1343 1940 1604 1996 potissimum
1633 1939 1816 1996 Pythias'
1849 1962 1900 1966 —

312 2029 389 2069 quo
419 2021 573 2054 tantum
601 2029 681 2054 nou
710 2013 835 2069 impie
865 2013 997 2054 aiebat
1031 2029 1072 2054 se
1101 2013 1303 2054 imitatum
1343 2028 1426 2053 esse
1457 2012 1733 2068 Veryilianum
1769 2011 1903 2068 ‘plena

311 2084 461 2137 deo'?2>
519 2083 570 2125 In
614 2098 693 2139 quo
738 2083 826 2125 loco
870 2090 917 2125 ut
960 2083 1009 2125 de
1055 2083 1230 2138 singulis
1260 2089 1366 2125 recte
1395 2082 1567 2125 iudicari
1597 2082 1741 2138 possit,
1772 2096 1896 2136 quae-

311 2156 485 2199 rendum
516 2156 696 2212 primum
725 2162 799 2208 est,
830 2156 950 2210 quale
970 2154 1256 2209 Vergilianum
1287 2155 1397 2209 quali
1427 2155 1547 2197 modo
1576 2153 1803 2196 imitatione
1831 2168 1902 2195 ex-

311 2228 505 2284 presserit
534 2227 707 2270 Fuscus.
764 2227 1046 2281 Kiesslingius
1076 2227 1253 2280 margini
1273 2227 1481 2283 appinxit:
1518 2226 1654 2282 ‚Verg.
1685 2226 1774 2268 Ecl.
1803 2225 1902 2268 5912‘

312 2301 371 2342 At
403 2315 498 2342 vero
529 2299 606 2342 hoc
634 2315 686 2341 ne
717 2305 801 2341 tam
831 2299 1067 2342 dubitanter
1088 2299 1254 2355 quidem
1274 2299 1406 2341 facere
1426 2298 1618 2343 debebat:
1651 2298 1749 2354 quid
1779 2298 1902 2351 enim,

448 2423 472 2464 ¹)
499 2420 580 2456 Non
606 2422 696 2456 satis
722 2422 951 2457 considerate
976 2421 1019 2456 de
1044 2421 1112 2456 11οο
1135 2420 1306 2456 vocabulo
1339 2420 1516 2456 dubitavit
1544 2420 1745 2455 Bursianus
1776 2419 1904 2464 (spicil.

315 2477 395 2512 crit.
418 2488 451 2521 p.
476 2478 511 2521 4)
536 2487 600 2521 pro
625 2487 738 2521 eoque
764 2477 954 2512 substituit
976 2477 1106 2513 eludat.
1153 2478 1243 2512 Cum
1268 2477 1365 2511 codd.
1385 2477 1450 2512 AB
1476 2477 1669 2511 exhibeant
1688 2475 1804 2523 pluat,
1827 2477 1904 2510 cod.

313 2534 349 2569 V
373 2544 452 2568 cum
476 2534 694 2578 apographis
720 2533 964 2581 eireampluat,
980 2536 1141 2577 apparet,
1159 2533 1327 2576 quoniam
1343 2533 1411 2567 hoc
1428 2533 1471 2567 ab
1495 2532 1757 2576 interpolatore
1781 2533 1904 2566 fictum

314 2600 395 2624 esse
419 2589 554 2632 nequit,
578 2588 613 2623 in
636 2590 830 2633 archetypo
867 2589 1053 2624 exstitisse
1089 2589 1334 2636 eirezcmpluat,
1367 2588 1404 2622 in
1439 2588 1539 2623 codd.
1563 2588 1629 2622 AB
1660 2590 1781 2621 autem
1820 2590 1905 2631 post

314 2644 490 2680 vinculum
515 2645 687 2680 omissum
712 2655 792 2680 esse
817 2647 958 2681 circum.
1016 2646 1187 2680 Ceterum
1222 2644 1481 2688 Kiesslingius,
1518 2644 1549 2678 si
1585 2644 1688 2678 modo
1725 2643 1903 2678 rationem

316 2711 417 2735 suam
442 2704 653 2736 constanter
677 2702 778 2745 sequi
800 2701 925 2743 voluit,
952 2711 1102 2736 exarare
1127 2701 1280 2736 debebat
1302 2701 1368 2735 hoc
1391 2701 1457 2735 ita:
1485 2699 1749 2745 (circum)fluat.

448 2768 475 2811 ²)
500 2770 662 2812 Apparet
695 2768 813 2812 potius
853 2768 904 2803 sic
940 2768 1235 2813 distinguendum
1273 2777 1364 2806 esse,
1399 2770 1441 2801 ut
1469 2770 1554 2811 post
1578 2766 1727 2814 Pythius
1750 2769 1904 2810 ponatur

316 2824 617 2869 interrogationis
644 2825 798 2869 signum‚
822 2828 906 2868 post
930 2824 1041 2871 plena
1070 2824 1134 2859 deo
1164 2826 1347 2867 punctum.
1370 2841 1414 2847 -
1437 2823 1566 2858 Liceat
1595 2822 1684 2858 mihi
1715 2821 1903 2857 occasione

318 2880 438 2916 oblata
461 2880 598 2915 rectius
634 2880 922 2925 interpungendo
956 2880 1148 2914 emendare
1185 2880 1332 2914 Contr.
1368 2879 1398 2913 Ι.
1433 2879 1568 2922 praef.
1604 2880 1715 2922 ⁹201).
1737 2880 1836 2919 ss5‚13
1858 2876 1904 2912 ad
