2025 3131
1009 102 1283 144 —24-

352 240 511 282 minuta
540 240 738 295 quaedam
759 240 907 282 menda
927 241 1128 295 corrigere
1158 256 1276 296 posse
1305 240 1424 282 nobis
1454 240 1654 293 videmur,
1685 255 1794 283 nunc
1814 255 1938 283 unam

352 312 634 354 tantummodo
664 328 763 367 rem,
794 327 897 368 quae
925 313 1006 354 huc
1025 313 1200 355 maxime
1220 314 1406 369 pertinet,
1437 313 1714 355 tractabimus.
1770 313 1938 355 Etenim

352 385 377 435 ἓ
411 385 473 426 13.
499 400 538 441 p.
572 385 720 437 159‚16
748 385 901 440 optime
931 386 1117 427 restituta
1154 391 1250 426 sunt
1279 385 1394 427 haec:
1432 387 1523 442 quis
1552 387 1655 427 enim
1686 395 1768 427 tam
1787 388 1938 443 pravis

351 457 548 498 oblectare
577 458 757 499 animum
785 459 1047 500 imitamentis
1067 459 1216 515 possit,
1248 459 1289 499 si
1305 474 1402 499 vera
1423 459 1678 515 cofflzoverit?
1711 463 1936 512 sequuntur

353 528 471 580 haec,
509 542 613 582 quae
651 544 797 571 manca
833 544 922 571 esse
959 529 1041 571 iam
1070 529 1229 585 pridem
1258 529 1509 571 intellectum
1540 535 1618 572 est:
1679 529 1870 571 Videlicet
1896 539 1939 572 ut

352 601 581 657 infantibus
617 618 718 658 quae
761 604 877 660 tanyi
907 602 1270 659 comprehendique
1304 603 1490 643 manibus
1525 611 1595 643 aut
1628 603 1722 644 sinu
1751 611 1938 659 possunt.

353 671 478 724 Quod
506 672 670 726 nem01)
701 688 826 714 ausus
856 680 918 714 est
947 674 1105 714 hiatum
1135 673 1308 728 explere,
1349 673 1456 724 inde,
1488 679 1533 713 ut
1562 659 1658 714 mea·
1681 673 1760 715 fert
1788 673 1938 729 opinio,

353 744 506 786 factum
535 751 609 793 est,
639 745 748 800 quod
778 745 898 802 plura
926 745 1147 787 desiderari
1178 746 1485 800 augurabantur
1514 745 1593 787 viri
1623 745 1743 788 docti.
1805 745 1937 800 Atqui

354 831 575 873 possumus
620 816 729 859 facili
774 832 898 873 opera
932 832 1124 873 praesens
1161 816 1386 859 remedium
1427 816 1636 870 adhibere3
1680 817 1814 859 insere
1848 823 1942 873 post

351 899 523 945 possunt
559 905 689 931 unum
727 889 974 932 vocabulum
1000 891 1228 947 placent:
1273 889 1378 930 nihil
1413 889 1590 945 amplius
1632 888 1941 942 desiderabitur,

354 963 557 1004 constabit
604 963 824 1004 verborum
872 967 1088 1014 structura,
1138 961 1343 1003 constabit
1386 961 1598 1014 sententia,
1643 975 1747 1016 quae
1800 960 1941 1004 eadem

353 1035 565 1091 aptissime
595 1034 819 1090 excipietur
848 1034 1113 1089 sequentibus
1144 1034 1280 1076 verbis
1311 1049 1404 1076 cum
1431 1033 1588 1076 Haasio
1619 1033 1708 1075 sine
1737 1032 1860 1075 dubio
1884 1033 1942 1075 sic

354 1107 671 1150 constituendis:
715 1124 811 1149 ‘nam
840 1123 988 1164 νῆα-φνεῖ
1015 1123 1095 1148 non
1126 1108 1236 1163 capit
1267 1108 1414 1163 eoeiqua
1442 1122 1563 1148 mens.

490 1200 661 1245 Contr.
692 1201 748 1243 Π.
784 1202 915 1254 11‚18.
948 1216 986 1257 p.
1020 1202 1186 1254 191‚16:
1248 1201 1405 1243 Eadem
1437 1201 1581 1258 fiyura
1625 1200 1866 1242 declamavit
1908 1208 1943 1242 et

355 1276 489 1332 Hispo
517 1275 759 1328 Romanius,
788 1273 862 1316 sed
890 1275 1057 1316 transiit
1085 1275 1268 1315 mollius:
1298 1274 1388 1315 scio
1419 1273 1521 1330 quid
1547 1272 1793 1330 responderi
1808 1274 1945 1329 possit

353 1348 478 1389 mihi.-
508 1347 646 1404 facile
690 1354 746 1388 est
789 1345 1002 1388 domestico
1032 1346 1167 1387 iudici
1194 1346 1454 1401 satisfacerffi
1497 1344 1638 1386 videro
1673 1353 1720 1397 te,
1765 1360 1854 1386 cum
1890 1344 1948 1386 ad

355 1428 500 1476 raptae
526 1428 694 1476 patrem
723 1420 893 1461 veneris.
935 1417 1052 1460 Haec
1081 1432 1213 1473 neque
1234 1432 1308 1472 ego
1328 1416 1521 1470 intellego
1542 1430 1674 1470 neque
1693 1416 1946 1457 intellexisse

358 1491 518 1533 videtur
539 1491 840 1545 Kiesslingius3
870 1490 958 1546 ipse
984 1490 1027 1531 in
1048 1489 1310 1531 adnotatione
1341 1489 1441 1530 haec
1470 1487 1701 1544 proposuit:
1732 1489 1781 1530 αῖ)
1803 1498 1947 1546 raptae

350 1574 475 1623 patre
504 1580 659 1616 venero,
691 1578 794 1618 quae
820 1562 949 1604 fateor
970 1577 1035 1604 me
1056 1578 1138 1603 non
1160 1562 1292 1616 magis
1322 1561 1571 1615 intellegere.
1630 1560 1824 1602 Dilucida
1842 1561 1948 1602 fiunt

357 1637 508 1689 omnia,
542 1636 576 1678 si
606 1636 662 1678 ita
693 1636 884 1678 scribitur
913 1641 953 1677 et
973 1634 1260 1689 distinguitur:
1305 1636 1390 1676 scio
1421 1634 1522 1690 quid
1549 1633 1794 1691 responderi
1814 1635 1947 1690 possit

355 1711 477 1752 mihi.-
520 1707 661 1766 J'acile
699 1718 755 1751 est
791 1708 1005 1749 domestico
1054 1707 1190 1749 iudici
1226 1708 1490 1763 satisfacere:
1534 1705 1708 1748 videro
1744 1704 1850 1759 (de)
1881 1715 1945 1756 te,

357 1799 447 1824 cum
476 1783 536 1824 ab
570 1790 714 1838 raptae
743 1790 896 1838 patre
924 1779 1116 1831 venerisss
1149 1803 1201 1808 —-
1231 1778 1273 1820 id
1303 1785 1383 1820 est:
1428 1792 1524 1819 cum
1553 1776 1794 1819 iudicaverit
1823 1777 1874 1819 de
1903 1783 1944 1818 te

358 1860 497 1911 raptae
533 1859 655 1910 pater.
721 1851 807 1896 Cfr.
839 1852 932 1894 Ter.
963 1851 1066 1894 Hec.
1098 1851 1172 1894 IV.
1202 1851 1297 1904 4,78
1330 1860 1423 1908 post
1463 1851 1511 1892 de
1545 1859 1673 1892 matre
1707 1849 1860 1891 videro.
1892 1872 1944 1877 -—-

358 1926 418 1968 Ut
460 1926 529 1968 hic
571 1926 628 1967 ad
669 1940 742 1982 pro
785 1926 835 1966 ab
880 1924 1076 1980 scriptum
1123 1929 1197 1975 est,
1241 1923 1298 1963 ita
1340 1928 1482 1964 contra
1518 1937 1559 1978 p.
1593 1921 1742 1974 181‚20
1780 1936 1853 1977 pro
1890 1921 1948 1962 ad

359 2001 535 2042 alienam
564 1997 651 2039 cod.
681 1997 730 2038 B.
762 1996 927 2038 exhibet
957 1997 1005 2037 ab
1036 1997 1184 2037 ciltena.

490 2093 673 2135 Paullo
703 2099 816 2148 post
845 2093 870 2142 ἓ
901 2094 967 2133 20.
998 2107 1037 2146 p.
1070 2091 1191 2142 192,4
1228 2090 1426 2131 habemus
1463 2088 1599 2130 locum
1637 2103 1661 2130 a
1689 2087 1945 2142 Kiesslingio

360 2166 570 2221 aliquanto
585 2165 732 2207 melius
749 2179 873 2219 quam
889 2179 913 2206 a
932 2163 1136 2220 prioribus
1155 2162 1394 2203 distinctum
1413 2161 1704 2216 scriptumque,
1721 2159 1794 2201 sed
1809 2165 1946 2202 tamen

360 2238 543 2280 nondum
558 2237 610 2279 ad
630 2237 831 2279 amussim
852 2235 1132 2278 emendatum:
1164 2235 1320 2277 Cestius
1337 2233 1424 2286 (εχ)
1444 2235 1573 2275 altera
1584 2241 1709 2289 parte
1725 2234 1799 2275 lzoo
1816 2234 1947 2275 colore

361 2329 458 2354 usus
492 2320 561 2365 est,
607 2312 704 2367 quia
738 2311 928 2367 priorem
963 2317 1144 2366 royasset
1178 2316 1323 2364 raptae
1357 2316 1547 2364 patrem:
1597 2322 1835 2363 smpensum
1864 2321 1948 2346 esse

363 2383 534 2436 (nolui),
555 2383 670 2424 volui
691 2383 829 2424 statim
844 2383 959 2424 illum
975 2397 1159 2422 securum
1176 2396 1257 2421 esse
1275 2380 1322 2420 de
1342 2394 1421 2431 τηις
1453 2380 1636 2435 queritur
1652 2394 1730 2433 eqs.
1761 2376 1948 2418 Primum
2006 2433 2009 2435 ‚

362 2456 575 2499 offensioni
613 2455 716 2497 mihi
752 2461 814 2497 est
853 2456 963 2511 quia,
1003 2469 1057 2495 ex
1094 2467 1173 2508 quo
1210 2453 1291 2494 leni
1327 2452 1552 2493 mutatione
1588 2449 1850 2493 efficiendum
1887 2455 1949 2490 est

365 2529 531 2586 qsuare.
577 2528 628 2573 cf0
651 2544 688 2584 p.
710 2528 861 2581 348,13
883 2529 1010 2569 Latro
1032 2528 1204 2568 colorem
1224 2543 1250 2567 a
1264 2526 1342 2582 fili
1359 2534 1491 2582 parte,
1520 2540 1645 2580 quare
1669 2539 1750 2565 ozon
1770 2524 1951 2564 vitiasset

497 2663 521 2706 ¹)
549 2662 662 2699 Video
686 2670 800 2704 nuper
822 2663 943 2694 tamen
971 2659 1166 2703 periculum
1196 2657 1326 2692 fecisse
1356 2656 1555 2692 Sanderum
1580 2656 1639 2700 (in
1662 2654 1838 2690 Fleckeis.
1868 2663 1949 2687 ann.

365 2718 519 2755 CXVII.
530 2728 564 2761 P·
576 2718 670 2759 789);
696 2716 756 2759 qui
774 2716 866 2759 quod
884 2715 985 2749 nobis
1006 2714 1138 2748 obtulit
1155 2712 1312 2748 videlieet
1330 2717 1368 2747 ut
1391 2712 1558 2758 infantes,
1574 2712 1635 2758 qui
1650 2722 1741 2758 qaae
1753 2738 1761 2745 .
1775 2737 1784 2744 .
1801 2712 1949 2756 possum

365 2773 590 2820 (arripiunt).
625 2785 673 2807 an
706 2783 838 2817 mayna
874 2782 957 2818 eqa,
992 2771 1023 2804 si
1054 2769 1262 2812 simpliciter
1284 2767 1562 2811 repudiabimus,
1595 2777 1698 2801 nemo
1722 2764 1859 2800 fastidii
1881 2773 1948 2797 nos

366 2830 556 2864 incusabit.
