2050 3324
761 200 1029 239 -37—

241 311 288 352 ln
318 312 457 354 eadem
496 330 614 370 porro
651 316 823 358 Contr.
870 318 923 359 11.
975 320 1102 369 13‚18.
1150 335 1186 375 p.
1217 322 1366 371 213‚20
1411 322 1685 377 Kiesslingius

115 381 437 426 emendationem
457 385 676 442 desperans
697 388 794 430 haec
823 389 967 431 edidit:
1003 391 1228 447 Repudium
1250 391 1278 442 †
1300 409 1350 434 ea·
1370 402 1435 434 tuo
1467 398 1606 449 quodue
1636 397 1685 437 li-

118 454 302 496 berorum
346 458 586 514 cupiditate,
624 476 698 515 quo
738 477 894 518 semper
937 464 996 502 uti
1033 471 1238 517 tamquam·
1271 466 1442 506 maritus
1481 465 1688 520 debuisset,

113 535 257 582 postea
286 530 417 585 nraqis
445 538 647 585 tamquam
670 532 943 588 tyrannicida.
989 532 1145 587 Aliqua
1165 548 1214 574 ex
1236 542 1347 590 parte
1367 536 1690 578 emendationem

116 605 222 640 recte
251 598 460 641 inchoavit
490 600 739 653 Gronovius,
770 618 862 645 cum
893 604 1085 646 scriberet
1114 606 1326 662 repudium
1367 609 1590 659 exc-amavit,
1622 608 1690 650 sed

117 668 313 725 pellectus
345 671 491 713 tradito
521 672 717 715 domasset
745 673 794 715 de
824 675 1037 717 universae
1079 675 1272 717 orationis
1316 676 1447 718 forma
1484 693 1692 735 perperam

119 739 314 783 iudicavit
342 751 381 784 et
411 752 617 799 praeterea
646 746 767 787 etiam
797 746 1062 788 multifariam
1096 761 1121 788 a
1158 762 1252 789 vero
1288 748 1502 791 aberravit.
1568 750 1692 806 Equi-

119 811 213 854 dem
242 814 397 856 ratione
426 815 566 858 habita
594 832 734 860 eorum
764 833 867 874 quae
896 819 1079 874 proxime
1117 809 1361 861 antecedunt
1395 824 1435 862 si
1467 822 1695 876 beneficium

110 894 236 942 putas
267 894 304 928 te
333 887 492 931 dedisse
523 890 631 946 quod
657 891 978 947 tyrannicidium
1006 907 1084 933 non
1103 891 1346 948 prodidisti,
1378 909 1445 950 eqo
1461 896 1582 949 prior
1602 894 1699 935 dedi

118 959 192 1013 qui
217 959 294 1001 tibi
317 962 638 1016 tyrannicidium
675 962 836 1005 credidi
867 969 997 1004 totum
1036 962 1170 1004 locum
1208 963 1565 1019 impeditissimum
1599 971 1696 1021 puto

116 1029 296 1086 expediri
327 1046 447 1087 posse
476 1033 553 1076 sic:
583 1034 818 1091 Repudium
846 1051 1020 1077 eac-cuso
1050 1037 1200 1092 quoiv
1213 1038 1253 1077 is
1289 1036 1507 1078 liberorum
1536 1037 1695 1094 cupidi-

116 1111 218 1145 tate:
249 1120 326 1160 quo
354 1120 510 1162 semper
538 1109 602 1147 uti
634 1115 839 1163 tamquam
883 1107 1024 1159 civi3¹)
1070 1107 1235 1159 debui,
1279 1116 1350 1150 set
1387 1117 1529 1164 postea
1570 1111 1698 1165 mayis

117 1183 323 1232 tamquam
352 1177 626 1233 tyrannicida.

253 1256 426 1300 Contr.
457 1258 513 1301 II.
545 1260 651 1311 14,5.
688 1275 727 1316 p.
757 1260 926 1312 218,16:
970 1261 1100 1302 Latro
1142 1263 1201 1302 sic
1246 1261 1408 1302 divisit:
1452 1278 1506 1303 an
1549 1262 1595 1303 ob
1627 1262 1700 1303 hoc

121 1333 316 1372 accusari
335 1340 458 1388 pater
477 1334 625 1389 possit.
658 1333 740 1374 Hic
760 1333 873 1374 illam
893 1334 1095 1391 volqarem
1117 1335 1385 1389 quaestionem
1394 1334 1550 1391 posuit,
1582 1349 1702 1390 quam

118 1403 269 1444 solebat
284 1402 509 1459 fastidire:
538 1405 692 1446 scilicet
720 1406 884 1447 minime
911 1406 984 1447 hoc
1007 1406 1130 1462 patri
1161 1405 1267 1446 obici
1297 1405 1422 1447 solere
1462 1421 1545 1460 eqs.
1602 1403 1703 1446 Post

105 1474 317 1530 fastidire
344 1474 388 1516 in
417 1474 531 1518 codd.
553 1482 685 1518 exstat
703 1493 743 1518 se
764 1478 894 1528 leuz'i‘‚
916 1476 959 1518 in
988 1475 1074 1518 cod.
1097 1476 1130 1518 T
1152 1491 1252 1518 corr.
1284 1482 1345 1518 est
1372 1477 1581 1528 seleutius3
1609 1475 1703 1518 inde

123 1552 245 1588 natus
273 1545 485 1589 fabulosus
515 1548 682 1603 quidam
711 1549 901 1591 Seleucus
931 1548 1019 1590 sive
1046 1549 1267 1600 Seleucius,
1305 1548 1370 1589 cui
1399 1562 1423 1589 a
1451 1547 1702 1602 Kiesslingio

122 1617 290 1660 tandem
319 1618 540 1674 aliquando
569 1619 760 1675 adempta
789 1626 851 1662 est
880 1620 1037 1662 civitas.
1094 1620 1233 1675 Atque
1262 1619 1436 1661 efficitur
1462 1619 1626 1675 quidem
1654 1634 1704 1661 ex

125 1688 265 1733 Contr.
296 1690 350 1733 II.
386 1692 504 1743 11‚12
537 1706 597 1747 sq.
627 1692 763 1749 ipsum
806 1691 1029 1734 Latronem
1072 1692 1173 1734 tales
1219 1692 1476 1747 quaestiones
1520 1691 1702 1733 fastidire

127 1761 295 1804 solitum
323 1777 434 1815 esse3
479 1763 550 1805 sed
587 1763 711 1806 latere
755 1764 797 1804 in
834 1764 1025 1821 perplexa
1054 1763 1168 1806 codd.
1199 1763 1370 1806 lectione
1398 1763 1572 1805 otiosum
1602 1761 1703 1804 illud

124 1836 278 1877 scilicet
306 1841 388 1887 aut,
419 1835 528 1890 quod
557 1834 770 1891 Madvigio
800 1836 841 1877 in
871 1842 1050 1878 mentem
1080 1836 1209 1888 venit,
1239 1836 1312 1878 sed
1339 1837 1496 1886 leviter,
1536 1834 1705 1876 minime

125 1905 319 1948 credibile
347 1906 520 1949 videtur.
592 1907 700 1949 Mihi
742 1907 826 1950 fere
870 1922 1109 1964 persuasum
1153 1914 1215 1949 est
1257 1906 1554 1949 restituendum
1596 1920 1703 1949 esse:

128 1995 248 2034 quam
276 1980 426 2022 solebat
441 1980 648 2036 fastidire
675 1982 964 2023 sollicitius.

258 2061 430 2104 Paullo
459 2069 571 2118 post
599 2062 622 2117 ξ
652 2063 690 2105 9.
721 2079 758 2120 p.
796 2064 940 2115 221,6:
978 2064 1190 2106 consilium
1225 2064 1456 2105 luxuriante
1479 2062 1576 2118 filio
1612 2077 1704 2103 con-

128 2144 284 2191 ceptum
311 2135 518 2178 emendato
547 2135 630 2188 (est)
666 2152 972 2194 supervacuum.
1042 2134 1198 2177 Mirum
1241 2142 1438 2190 quantum
1480 2132 1548 2174 hic
1590 2131 1705 2174 codd.

127 2207 246 2249 lectio
262 2208 404 2264 filium
432 2208 460 2248 ἦ
492 2216 646 2249 aestum
674 2206 745 2259 (T:
764 2208 904 2264 filiam
934 2207 1040 2260 estu)
1062 2207 1171 2249 viros
1193 2206 1332 2249 doctos
1354 2205 1518 2247 vexavit
1536 2203 1706 2256 multos3

129 2278 199 2321 sed
230 2279 273 2320 in
302 2277 421 2321 devia
448 2279 688 2321 aberrarunt
716 2294 869 2321 omnes.
934 2278 1150 2320 Facillima
1183 2293 1305 2333 opera
1333 2276 1570 2319 extunditur
1599 2275 1707 2330 quod

129 2366 272 2394 verum
301 2357 381 2394 est:
414 2352 647 2393 luaeuriante
677 2352 773 2408 filio
816 2352 1093 2394 honestum.
1152 2348 1237 2393 Cfr.
1283 2365 1320 2406 p.
1364 2348 1514 2401 219,20
1556 2348 1708 2404 incipio

129 2440 210 2466 non
237 2430 394 2465 tantum
421 2423 627 2464 honestum
654 2439 798 2475 senem,
827 2422 900 2464 sed
917 2421 1162 2480 prudentem
1191 2421 1424 2478 defendere,
1454 2426 1493 2462 et
1523 2417 1709 2460 similiter

130 2510 197 2552 pp.
221 2494 380 2547 109,11.
414 2493 573 2547 199‚20.
603 2495 765 2547 47925.
814 2492 938 2546 Quod
967 2493 1082 2536 codd.
1113 2493 1191 2535 AB
1221 2493 1372 2536 habent
1401 2500 1428 2534 ιῖ
1462 2500 1616 2534 aestum
1644 2496 1705 2532 est

129 2576 377 2619 nonaestum,
407 2581 542 2609 errore
570 2573 704 2609 ortum
733 2581 784 2609 ex
811 2567 1029 2608 honestum.

263 2650 377 2693 Exo.
408 2649 576 2693 Contr.
607 2649 685 2692 III.
717 2650 871 2706 praef.
906 2651 968 2692 16.
999 2664 1036 2705 p.
1057 2648 1181 2701 2463
1201 2648 1322 2691 refert
1342 2646 1518 2691 Severus
1539 2645 1709 2689 Cassius

133 2723 310 2766 iocosam
339 2722 531 2765 fabellam
560 2721 609 2764 de
640 2721 802 2765 Cestio:
831 2722 1005 2764 Memini
1034 2737 1095 2763 me
1129 2723 1285 2763 intrare
1319 2721 1470 2762 scolam
1508 2720 1593 2760 eius
1622 2733 1711 2759 cum

266 2855 290 2897 ¹)
314 2853 528 2890 Certissima
556 2853 645 2888 haee
674 2856 731 2888 est
761 2852 962 2888 emendatio
996 2850 1211 2895 Kjessh'ngii
1241 2849 1351 2891 (codd.
1376 2849 1478 2891 eius),
1515 2858 1620 2892 quam
1649 2856 1711 2882 cur

131 2910 296 2954 praelata
320 2909 441 2945 Jahnii
463 2919 574 2953 prava
598 2908 805 2944 coniectura
828 2908 864 2942 in
889 2906 1155 2942 adnotationem
1181 2904 1362 2949 relegarit,
1385 2914 1458 2938 non
1480 2902 1660 2948 intellego.
