2050 3324
811 190 1080 230 —27-

159 324 197 364 p.
228 309 400 361 350‚l7:
433 313 583 354 Accius·
614 312 842 353 Postumius
872 313 945 352 hoc
975 313 1105 352 calore
1137 329 1228 351 usus
1258 321 1331 353 ‹as-t:
1363 314 1469 354 m‘lu'l
1495 322 1563 364 esc,
1596 315 1737 369 inquit,

157 382 316 424 invidia
339 385 630 440 periculosius:
661 384 764 424 leam*
792 385 994 439 sapientes
1030 385 1115 424 ϊίνί
1140 384 1242 423 velut
1269 386 1508 440 pc'.ve{t'‹‘r‹1rtt
1531 386 1737 427 vitandam

156 469 239 495 esse
260 457 540 512 praecipiunt,
572 479 623 483 —
653 454 770 510 quasi
801 453 929 508 digito
949 454 1127 495 ostendit
1149 455 1249 496 illud
1274 457 1374 497 velut
1396 457 1735 512 comparationem

155 524 334 581 aliquam
378 527 635 569 audaciorem
674 527 850 568 institui:
898 535 1080 568 tenemus
1125 542 1228 577 eam,
1275 528 1308 568 si
1353 528 1587 570 scribimus:
1635 530 1735 570 velut

152 596 384 650 (bestiam)
404 601 664 656 J›est{s'e²1·a111.
696 632 704 640 .
737 632 745 640 .

287 680 455 724 Contr.
487 682 539 723 X.
573 684 680 733 31‚l.
715 699 751 738 p.
775 683 922 735 4728:
953 685 1053 724 (ἠυι
1083 683 1138 724 ad
1167 691 1334 724 aetatem
1366 691 1478 723 lnam
1502 699 1735 739 pervenero,

153 770 232 796 non
263 754 495 796 contendam
529 772 618 796 cnm
649 756 740 805 ullo,
773 759 956 811 quamvis
983 756 1265 812 .s·e'e.1·emplum
1293 764 1402 796 mum
1430 758 1548 809 sequi
1564 756 1736 805 voluero,

155 828 275 867 etiam
307 828 509 883 mmnfilfo
541 828 789 870 contendam.
854 828 922 869 Sic
950 827 1045 869 inde
1074 828 1125 868 ab
1155 826 1455 882 antiquissimis
1487 827 1736 883 temporibus

152 897 252 940 haec
287 897 476 949 eduntur,
507 915 627 941 nemo
659 900 800 954 haesit,
832 915 951 942 nemo
987 899 1207 942 dubitavit:
1252 907 1291 941 et
1334 907 1468 941 tamen
1512 914 1585 955 pro
1629 908 1736 941 certo

151 968 442 1012 affirmaverim
475 972 596 1014 scribi
642 980 848 1029 oportere:
881 975 1064 1028 quamvis
1108 972 1231 1026 (sit),
1277 975 1318 1014 si
1358 973 1584 1029 eaeemplmn
1625 980 1736 1013 tunm

150 1046 268 1098 sequi
293 1044 467 1095 voluero,
499 1048 616 1086 etlam
650 1063 735 1086 vum
755 1046 850 1102 fillo
881 1045 1272 1088 contendendum.
1350 1044 1489 1099 Atque
1517 1043 1654 1085 nescio
1683 1058 1735 1084 an

151 1114 428 1169 suffragentur
471 1116 568 1158 huic
611 1117 884 1158 emendationi
922 1117 1044 1159 etiam
1074 1117 1216 1172 optimi
1247 1116 1361 1158 codd.
1394 1117 1486 1168 AB,
1517 1116 1559 1157 in
1588 1115 1737 1170 quibus

151 1186 350 1242 scriptum
379 1194 441 1229 est
470 1188 764 1230 conde'tendam.

291 1259 487 1301 Diximus
519 1260 567 1302 de
599 1260 748 1302 talibus
770 1261 881 1312 loeis,
914 1261 956 1302 in
978 1262 1128 1316 quibus
1149 1261 1314 1303 insertis
1337 1261 1509 1316 singulis
1531 1261 1737 1303 vocabulis

150 1331 406 1388 sublatisque
435 1333 642 1375 interdum
673 1344 880 1389 praeterea
911 1334 1134 1375 levioribus
1163 1333 1336 1375 maculis
1357 1348 1498 1375 veram
1519 1333 1734 1376 lectionem

148 1403 232 1447 fere
261 1406 487 1448 restituisse
517 1407 635 1449 nobis
667 1407 745 1448 visi
777 1422 939 1449 sumus:
976 1421 1085 1448 nunc
1115 1406 1247 1462 placet
1281 1405 1489 1462 disputare
1518 1405 1567 1447 de
1596 1405 1734 1461 paullo

147 1477 370 1520 maioribus
401 1478 650 1533 quibusdam
681 1479 874 1520 orationis
905 1478 1141 1530 defectibus,
1174 1492 1274 1532 quos
1305 1477 1440 1519 adhuc
1468 1484 1538 1518 aut
1567 1478 1733 1520 omnino

147 1564 230 1591 non
251 1549 526 1606 deprehensos
547 1558 617 1592 aut
638 1551 774 1592 minus
800 1551 1091 1607 circumspecte
1120 1550 1302 1606 expletos
1331 1549 1530 1592 videmus.
1567 1549 1731 1593 Gontr.

149 1621 205 1663 II.
236 1621 316 1673 9,9.
350 1638 386 1679 p.
408 1623 555 1674 157‚12
586 1623 628 1664 in
659 1623 872 1665 sententiis
903 1622 1015 1666 Galli
1045 1622 1158 1665 Vibii
1196 1623 1314 1665 dictis
1351 1637 1375 1663 a
1402 1628 1516 1678 parte
1545 1622 1732 1679 pauperis

147 1693 429 1746 adolescentis,
460 1695 531 1750 qui
561 1696 780 1750 quominus
825 1695 942 1737 diviti
988 1696 1031 1737 in
1074 1695 1376 1752 adoptationem
1411 1694 1529 1736 detur
1558 1700 1731 1747 recusat,

146 1772 254 1808 recte
291 1766 419 1808 sensit
456 1766 686 1809 Bursianus
727 1767 950 1810 orationem
980 1767 1110 1810 hiare:
1148 1784 1273 1824 quare
1317 1801 1325 1809 .
1357 1799 1367 1809 .
1404 1767 1645 1825 respondeo:
1684 1784 1732 1809 ne

148 1839 337 1896 auferam
357 1841 484 1897 patri
495 1841 649 1896 filium,
672 1841 778 1896 filiis
797 1850 977 1897 patrem.
1036 1837 1117 1882 Sed
1154 1838 1263 1895 quod
1300 1839 1529 1894 suspicatus
1563 1838 1732 1881 Vibium

147 1910 319 1953 fortasse
362 1911 516 1953 dixisse
551 1930 676 1968 quare
712 1915 755 1955 in
789 1913 1046 1970 adoptionem
1083 1913 1182 1954 dari
1213 1913 1338 1955 nolim
1374 1914 1557 1967 quaeris,
1601 1927 1732 1967 neque

146 1997 292 2025 verum
321 1984 483 2026 videtur
520 1999 652 2039 neque
691 1985 912 2041 probabile.
978 1984 1146 2027 Etenim
1186 1985 1354 2027 omnino
1388 2000 1472 2026 non
1511 1984 1732 2026 instituunt

145 2056 224 2098 isto
253 2056 376 2099 modo
405 2071 492 2098 rem
523 2057 731 2111 rhetores,
777 2058 811 2099 si
851 2072 972 2113 quem
1014 2057 1281 2100 disserentem
1324 2057 1480 2100 faciunt
1515 2063 1656 2100 contra
1685 2072 1732 2099 ea

145 2144 250 2185 quae
277 2130 329 2172 ab
359 2129 592 2172 adversario
631 2130 751 2172 obiici
797 2130 973 2187 possint,
1012 2130 1083 2172 sed
1120 2130 1255 2187 potius
1285 2130 1421 2187 ipsum
1450 2129 1730 2172 adversarium

144 2202 380 2258 loquentem
417 2202 638 2255 inducunt3
675 2202 787 2244 velut
815 2218 853 2259 p.
884 2202 1035 2255 349,19
1064 2204 1122 2244 M.
1157 2203 1268 2257 Cato,
1305 2204 1448 2259 inquit,
1493 2204 1628 2245 coloni
1666 2205 1736 2246 sui

131 2275 274 2331 filiam
304 2275 424 2317 duxit
453 2292 633 2318 uxorem.
680 2276 765 2318 ‘sed
806 2278 1044 2334 inqenuam⁷
1090 2275 1336 2333 respondeo:
1371 2275 1444 2318 sed
1471 2276 1582 2318 Cato.
1639 2275 1730 2331 Ego

146 2355 191 2390 ut
218 2348 310 2405 ipsa
340 2348 466 2390 verba
495 2363 578 2389 non
608 2354 782 2404 praesto,
813 2348 869 2389 ita
897 2348 1106 2403 aliquanto
1136 2347 1388 2404 probabilius
1419 2354 1517 2403 puto
1549 2348 1728 2405 suppleri

143 2420 263 2462 haec:
294 2419 433 2477 ‘quare
463 2420 686 2478 (respuis
723 2420 992 2471 divitias&y
1032 2420 1277 2477 respondeo:
1314 2436 1363 2462 ne
1397 2421 1589 2477 auferam
1610 2424 1732 2478 patri

129 2494 284 2549 filium,
316 2494 427 2550 filiis
460 2502 638 2550 patrem.
712 2491 798 2536 Cfr.
843 2508 882 2549 p.
931 2493 1050 2547 1683
1094 2492 1143 2534 de
1172 2491 1380 2535 Fabricio:
1418 2509 1587 2536 munera
1615 2496 1728 2551 reyz'a

143 2568 311 2624 respuit.

274 2637 420 2680 Paullo
477 2636 747 2680 confidentius
795 2637 965 2680 iudicari
1013 2643 1147 2695 potest
1192 2637 1243 2680 de
1291 2637 1455 2681 Contr.
1486 2637 1542 2679 ΙΙ.
1592 2637 1726 2689 13,17.

142 2725 182 2767 p.
213 2710 385 2762 2l2‚l2:
416 2712 652 2763 Passiean
688 2714 754 2754 vir
790 2712 1138 2768 eloquentissimus
1173 2720 1209 2753 et
1243 2713 1435 2769 temporis
1470 2713 1538 2753 sui
1561 2713 1726 2768 primus

142 2791 294 2836 orator,
337 2784 442 2826 hanc
483 2784 742 2827 subtilitatem
784 2786 955 2827 actionis
997 2800 1078 2826 non
1104 2784 1334 2842 probabat:
1371 2783 1549 2825 Latroni
1580 2799 1621 2824 se
1651 2781 1726 2824 ad-

141 2858 289 2899 sentiri
329 2855 486 2898 dicebat
528 2856 632 2908 ideo,
677 2860 775 2913 quia
817 2860 896 2900 ista
939 2858 1076 2900 omnia
1118 2873 1277 2915 semper
1320 2855 1537 2898 tractanda
1572 2872 1650 2913 per
1685 2871 1725 2897 se

141 2937 280 2980 essent,
308 2931 349 2969 si
373 2929 472 2971 haec
500 2930 646 2971 mulier
674 2931 822 2971 iniusti
847 2929 999 2987 repudi
1025 2937 1158 2986 ageret
1187 2945 1266 2984 eqs.
1326 2926 1483 2969 Omnes
1513 2926 1626 2971 codd.
1658 2926 1725 2970 hic
