2050 3324
858 214 1124 255 -49-

206 335 376 389 contigit
406 335 538 376 favore
569 350 632 375 vv.
663 335 725 377 cll.
759 334 902 375 Rohde
927 334 975 375 de
1004 333 1249 376 Gutschmid
1279 334 1338 376 M.
1357 333 1556 387 Schmidt,
1581 343 1625 376 ut
1654 337 1774 377 semi-

208 408 309 448 narii
341 407 573 463 philologici
604 421 675 462 per
704 406 783 447 duo
814 406 1022 447 semestria
1051 421 1180 447 essem
1212 405 1363 447 sodalis
1393 406 1634 447 ordinarius.
1692 406 1773 449 Ibi—

206 478 296 520 dem
327 478 434 535 apud
455 476 703 520 Sieversium
722 477 1054 533 palaeographiae
1070 477 1240 518 Latinae
1256 477 1456 518 elementa
1475 477 1609 519 didici.
1647 477 1775 520 Com—

210 550 445 591 morationis
480 549 712 591 Bonnensis
747 564 840 590 cum
882 549 933 590 ob
975 548 1076 589 alias
1113 563 1275 601 causas,
1322 563 1422 603 quas
1458 563 1658 605 exponere
1691 565 1773 591 non

208 628 269 662 est
312 621 433 662 huius
477 620 575 669 loci,
620 620 862 661 suavissima
890 619 992 660 mihi
1021 626 1083 661 est
1117 620 1325 672 memoria,
1365 627 1451 661 tum
1487 621 1538 662 ob
1573 620 1774 675 insignem

209 692 443 734 Buecheleri
480 700 520 733 et
558 691 725 733 Useneri
770 691 1015 742 facilitatem,
1061 692 1130 745 qui
1162 691 1367 733 seminarii
1398 691 1496 744 regii
1527 691 1774 747 philologici,

206 765 320 806 cuius
356 763 710 805 exercitationibus
748 778 816 819 per
851 763 930 804 duo
966 763 1177 804 semestria
1227 762 1406 814 interfui,
1461 762 1640 804 sodalem
1669 763 1772 804 ordi-

206 835 363 876 narium
407 849 471 875 me
514 841 701 876 crearunt
743 848 980 890 semperque
1024 833 1157 874 studia
1199 848 1288 875 mea
1329 848 1529 890 propensa
1566 835 1773 877 voluntate

207 906 461 947 adiuverunt.
521 907 658 960 Atque
687 906 870 962 permisit
895 906 996 946 mihi
1032 906 1154 947 etiam
1175 905 1411 956 Buecheler,
1443 915 1496 967 Ut.
1519 907 1774 948 exercitatio-

207 977 329 1019 nibus
365 975 486 1019 Oscis
532 985 571 1019 et
608 976 818 1019 Umbricis
862 992 887 1018 a
929 992 1016 1019 sese
1051 977 1248 1018 institutis
1285 978 1534 1019 interessem.
1594 977 1773 1020 Berolini

204 1048 376 1104 denique
420 1056 464 1090 ut
505 1049 858 1091 exercitationibus
896 1049 980 1090 suis
1015 1050 1252 1091 interessem
1288 1050 1460 1104 benigne
1489 1057 1773 1091 concesserunt

203 1120 460 1177 philologieis
504 1119 682 1174 Vahlen,
725 1120 996 1176 epigraphicis
1043 1121 1280 1175 Kirchhoff,
1326 1121 1584 1163 Aristoteleis
1627 1122 1771 1174 Zeller,

203 1192 438 1235 Theodiscis
474 1191 754 1234 Muellenhoff.
817 1191 934 1244 Quos
969 1193 1079 1235 viros
1113 1194 1263 1249 optime
1304 1193 1353 1235 de
1387 1208 1452 1235 me
1484 1194 1649 1235 meritos
1684 1209 1772 1235 esse

202 1272 315 1318 grato
348 1265 484 1306 animo
517 1264 724 1319 profiteor:
760 1264 891 1307 facere
922 1272 1058 1307 autem
1091 1281 1174 1307 non
1205 1280 1385 1321 possum,
1417 1265 1516 1320 quin
1546 1265 1772 1320 singulares

202 1336 352 1391 gratias
381 1351 500 1390 agam
529 1335 728 1389 Vahleno,
758 1336 873 1378 cuius
904 1336 1045 1378 subtili
1073 1336 1279 1378 doctrinae
1317 1344 1356 1379 et
1385 1337 1555 1379 eximiae
1584 1351 1679 1392 erga
1706 1352 1771 1379 me

203 1407 503 1449 benevolentiae
532 1408 754 1464 plurimum
783 1408 919 1450 debeo.
