<?xml version="1.0" encoding="UTF-8"?>
<!DOCTYPE html PUBLIC "-//W3C//DTD XHTML 1.0 Transitional//EN"
    "http://www.w3.org/TR/xhtml1/DTD/xhtml1-transitional.dtd">
<html xmlns="http://www.w3.org/1999/xhtml" xml:lang="en" lang="en">
 <head>
  <title>
</title>
<meta http-equiv="Content-Type" content="text/html;charset=utf-8" />
  <meta name='ocr-system' content='tesseract 3.04.00' />
  <meta name='ocr-capabilities' content='ocr_page ocr_carea ocr_par ocr_line ocrx_word'/>
</head>
<body>
  <div class='ocr_page' id='page_1' title='image "./schedaecriticaei00thomuoft_0039.png"; bbox 0 0 2050 3324; ppageno 0'>
   <div class='ocr_carea' id='block_1_1' title="bbox 779 166 1046 207">
    <p class='ocr_par' dir='ltr' id='par_1_1' title="bbox 779 166 1046 207">
     <span class='ocr_line' id='line_1_1' title="bbox 779 166 1046 207; baseline 0.007 -13"><span class='ocrx_word' id='word_1_1' title='bbox 779 166 1046 207; x_wconf 65' lang='lat'>„35-</span> 
     </span>
    </p>
   </div>
   <div class='ocr_carea' id='block_1_2' title="bbox 120 287 1700 628">
    <p class='ocr_par' dir='ltr' id='par_1_2' title="bbox 120 287 1700 628">
     <span class='ocr_line' id='line_1_2' title="bbox 129 287 1700 343; baseline 0.001 -17"><span class='ocrx_word' id='word_1_2' title='bbox 129 287 314 335; x_wconf 75' lang='lat' dir='ltr'>militem,</span> <span class='ocrx_word' id='word_1_3' title='bbox 363 287 460 343; x_wconf 67' lang='lat' dir='ltr'>plus</span> <span class='ocrx_word' id='word_1_4' title='bbox 509 303 648 327; x_wconf 80' lang='lat' dir='ltr'>ausum</span> <span class='ocrx_word' id='word_1_5' title='bbox 701 303 819 341; x_wconf 75' lang='lat' dir='ltr'>quam</span> <span class='ocrx_word' id='word_1_6' title='bbox 869 287 907 327; x_wconf 76' lang='lat' dir='ltr'>in</span> <span class='ocrx_word' id='word_1_7' title='bbox 961 288 1223 342; x_wconf 62' lang='lat' dir='ltr'>prostitutam</span> <span class='ocrx_word' id='word_1_8' title='bbox 1274 287 1426 327; x_wconf 69' lang='lat' dir='ltr'>lit-ebat.</span> <span class='ocrx_word' id='word_1_9' title='bbox 1504 288 1700 328; x_wconf 62' lang='lat' dir='ltr'>lia-orasti</span> 
     </span>
     <span class='ocr_line' id='line_1_3' title="bbox 120 355 1693 414; baseline -0.001 -16"><span class='ocrx_word' id='word_1_10' title='bbox 120 358 340 414; x_wconf 76' lang='lat' dir='ltr'>populum:</span> <span class='ocrx_word' id='word_1_11' title='bbox 377 358 574 414; x_wconf 71' lang='lat' dir='ltr'>numquid</span> <span class='ocrx_word' id='word_1_12' title='bbox 602 366 636 399; x_wconf 77' lang='lat' dir='ltr'>et</span> <span class='ocrx_word' id='word_1_13' title='bbox 666 358 867 399; x_wconf 72' lang='lat' dir='ltr'>lenonem?</span> <span class='ocrx_word' id='word_1_14' title='bbox 921 355 1203 410; x_wconf 72' lang='lat' dir='ltr'>Schultingius</span> <span class='ocrx_word' id='word_1_15' title='bbox 1236 357 1489 399; x_wconf 66' lang='lat' dir='ltr'>scribendum</span> <span class='ocrx_word' id='word_1_16' title='bbox 1527 358 1693 399; x_wconf 76' lang='lat' dir='ltr'>coniecit</span> 
     </span>
     <span class='ocr_line' id='line_1_4' title="bbox 129 427 1692 484; baseline 0.001 -14"><span class='ocrx_word' id='word_1_17' title='bbox 129 427 328 470; x_wconf 73' lang='lat' dir='ltr'>adiciebat</span> <span class='ocrx_word' id='word_1_18' title='bbox 358 430 443 470; x_wconf 70' lang='lat' dir='ltr'>lem»</span> <span class='ocrx_word' id='word_1_19' title='bbox 475 445 544 484; x_wconf 80' lang='lat' dir='ltr'>pro</span> <span class='ocrx_word' id='word_1_20' title='bbox 565 444 611 470; x_wconf 85' lang='lat' dir='ltr'>eo</span> <span class='ocrx_word' id='word_1_21' title='bbox 637 427 744 483; x_wconf 86' lang='lat' dir='ltr'>quod</span> <span class='ocrx_word' id='word_1_22' title='bbox 765 434 825 469; x_wconf 83' lang='lat' dir='ltr'>cst</span> <span class='ocrx_word' id='word_1_23' title='bbox 848 428 886 468; x_wconf 83' lang='lat' dir='ltr'>in</span> <span class='ocrx_word' id='word_1_24' title='bbox 909 427 1022 469; x_wconf 84' lang='lat' dir='ltr'><strong>codd.</strong></span> <span class='ocrx_word' id='word_1_25' title='bbox 1045 428 1205 469; x_wconf 72' lang='lat' dir='ltr'>adiebat</span> <span class='ocrx_word' id='word_1_26' title='bbox 1234 429 1307 477; x_wconf 77' lang='lat' dir='ltr'>(Tt</span> <span class='ocrx_word' id='word_1_27' title='bbox 1339 428 1550 481; x_wconf 60' lang='lat' dir='ltr'>adiciebat)</span> <span class='ocrx_word' id='word_1_28' title='bbox 1580 445 1692 472; x_wconf 77' lang='lat' dir='ltr'>zeno:</span> 
     </span>
     <span class='ocr_line' id='line_1_5' title="bbox 125 499 1693 556; baseline -0.001 -15"><span class='ocrx_word' id='word_1_29' title='bbox 125 508 240 541; x_wconf 79' lang='lat' dir='ltr'>acute</span> <span class='ocrx_word' id='word_1_30' title='bbox 263 500 438 556; x_wconf 87' lang='lat' dir='ltr'>profecto</span> <span class='ocrx_word' id='word_1_31' title='bbox 470 502 648 556; x_wconf 33' lang='lat' dir='ltr'>reposuit.</span> <span class='ocrx_word' id='word_1_32' title='bbox 678 502 776 549; x_wconf 79' lang='lat' dir='ltr'>leno,</span> <span class='ocrx_word' id='word_1_33' title='bbox 809 499 878 541; x_wconf 81' lang='lat' dir='ltr'>sed</span> <span class='ocrx_word' id='word_1_34' title='bbox 909 499 998 540; x_wconf 87' lang='lat' dir='ltr'>leno</span> <span class='ocrx_word' id='word_1_35' title='bbox 1029 499 1127 540; x_wconf 85' lang='lat' dir='ltr'>nihil</span> <span class='ocrx_word' id='word_1_36' title='bbox 1153 499 1336 549; x_wconf 80' lang='lat' dir='ltr'>‚adiecit.‘</span> <span class='ocrx_word' id='word_1_37' title='bbox 1396 500 1528 541; x_wconf 76' lang='lat' dir='ltr'>Multo</span> <span class='ocrx_word' id='word_1_38' title='bbox 1550 500 1693 541; x_wconf 78' lang='lat' dir='ltr'>melius</span> 
     </span>
     <span class='ocr_line' id='line_1_6' title="bbox 126 571 1693 628; baseline 0.001 -16"><span class='ocrx_word' id='word_1_39' title='bbox 126 571 289 628; x_wconf 72' lang='lat' dir='ltr'><strong>scripsit</strong></span> <span class='ocrx_word' id='word_1_40' title='bbox 319 573 547 614; x_wconf 75' lang='lat' dir='ltr'>Bursiauus</span> <span class='ocrx_word' id='word_1_41' title='bbox 578 574 725 619; x_wconf 71' lang='lat' dir='ltr'>aiebat:</span> <span class='ocrx_word' id='word_1_42' title='bbox 766 586 907 613; x_wconf 82' lang='lat' dir='ltr'>verum</span> <span class='ocrx_word' id='word_1_43' title='bbox 938 577 1071 612; x_wconf 81' lang='lat' dir='ltr'>autem</span> <span class='ocrx_word' id='word_1_44' title='bbox 1102 579 1173 617; x_wconf 81' lang='lat' dir='ltr'>est,</span> <span class='ocrx_word' id='word_1_45' title='bbox 1215 571 1253 611; x_wconf 89' lang='lat' dir='ltr'>ni</span> <span class='ocrx_word' id='word_1_46' title='bbox 1285 571 1414 623; x_wconf 78' lang='lat' dir='ltr'>fallor,</span> <span class='ocrx_word' id='word_1_47' title='bbox 1451 581 1496 612; x_wconf 76' lang='grc' dir='ltr'>(ιι</span> <span class='ocrx_word' id='word_1_48' title='bbox 1534 573 1693 613; x_wconf 75' lang='lat' dir='ltr'>aiebat</span> 
     </span>
    </p>
   </div>
   <div class='ocr_carea' id='block_1_3' title="bbox 124 644 318 700">
    <p class='ocr_par' dir='ltr' id='par_1_3' title="bbox 124 644 318 700">
     <span class='ocr_line' id='line_1_7' title="bbox 124 644 318 700; baseline -0.005 -14"><span class='ocrx_word' id='word_1_49' title='bbox 124 644 211 686; x_wconf 82' lang='lat' dir='ltr'>leno</span> <span class='ocrx_word' id='word_1_50' title='bbox 241 661 318 700; x_wconf 80' lang='lat' dir='ltr'>eqs.</span> 
     </span>
    </p>
   </div>
   <div class='ocr_carea' id='block_1_4' title="bbox 110 730 1699 1654">
    <p class='ocr_par' dir='ltr' id='par_1_4' title="bbox 110 730 1699 1654">
     <span class='ocr_line' id='line_1_8' title="bbox 255 730 1699 787; baseline -0.001 -13"><span class='ocrx_word' id='word_1_51' title='bbox 255 730 426 774; x_wconf 83' lang='lat' dir='ltr'>Contr.</span> <span class='ocrx_word' id='word_1_52' title='bbox 458 731 489 772; x_wconf 94' lang='lat' dir='ltr'>I.</span> <span class='ocrx_word' id='word_1_53' title='bbox 512 732 550 780; x_wconf 87' lang='lat'>3,</span> <span class='ocrx_word' id='word_1_54' title='bbox 574 731 611 772; x_wconf 88' lang='grc'>9.</span> <span class='ocrx_word' id='word_1_55' title='bbox 635 747 672 787; x_wconf 89' lang='lat' dir='ltr'>p.</span> <span class='ocrx_word' id='word_1_56' title='bbox 693 730 834 783; x_wconf 51' lang='lat'><strong>9826:</strong></span> <span class='ocrx_word' id='word_1_57' title='bbox 880 732 1011 772; x_wconf 70' lang='lat' dir='ltr'>alebat</span> <span class='ocrx_word' id='word_1_58' title='bbox 1040 730 1194 772; x_wconf 57' lang='lat' dir='ltr'>Ces-tias</span> <span class='ocrx_word' id='word_1_59' title='bbox 1225 732 1341 772; x_wconf 70' lang='lat' dir='ltr'>malle</span> <span class='ocrx_word' id='word_1_60' title='bbox 1369 748 1410 773; x_wconf 81' lang='lat' dir='ltr'>se</span> <span class='ocrx_word' id='word_1_61' title='bbox 1440 747 1534 771; x_wconf 75' lang='lat' dir='ltr'>casn</span> <span class='ocrx_word' id='word_1_62' title='bbox 1564 731 1699 773; x_wconf 75' lang='lat' dir='ltr'>videri</span> 
     </span>
     <span class='ocr_line' id='line_1_9' title="bbox 110 804 1697 860; baseline -0.001 -15"><span class='ocrx_word' id='word_1_63' title='bbox 110 805 276 860; x_wconf 73' lang='lat' dir='ltr'>factam</span> <span class='ocrx_word' id='word_1_64' title='bbox 320 821 437 860; x_wconf 77' lang='lat' dir='ltr'>quam</span> <span class='ocrx_word' id='word_1_65' title='bbox 487 804 649 845; x_wconf 74' lang='lat' dir='ltr'>deorum</span> <span class='ocrx_word' id='word_1_66' title='bbox 689 804 885 845; x_wconf 66' lang='lat' dir='ltr'>voluntate</span> <span class='ocrx_word' id='word_1_67' title='bbox 915 836 923 844; x_wconf 90' lang='lat'>.</span> <span class='ocrx_word' id='word_1_68' title='bbox 957 835 964 842; x_wconf 89' lang='lat'>.</span> <span class='ocrx_word' id='word_1_69' title='bbox 998 834 1006 843; x_wconf 93' lang='lat'>.</span> <span class='ocrx_word' id='word_1_70' title='bbox 1045 804 1176 858; x_wconf 71' lang='lat' dir='ltr'>itaque</span> <span class='ocrx_word' id='word_1_71' title='bbox 1219 819 1297 844; x_wconf 80' lang='lat' dir='ltr'>non</span> <span class='ocrx_word' id='word_1_72' title='bbox 1340 805 1543 860; x_wconf 67' lang='lat' dir='ltr'>probabat</span> <span class='ocrx_word' id='word_1_73' title='bbox 1594 804 1697 845; x_wconf 77' lang='lat' dir='ltr'>illud</span> 
     </span>
     <span class='ocr_line' id='line_1_10' title="bbox 123 862 1693 931; baseline 0 -15"><span class='ocrx_word' id='word_1_74' title='bbox 123 875 285 918; x_wconf 73' lang='lat' dir='ltr'>Triarii</span> <span class='ocrx_word' id='word_1_75' title='bbox 319 862 398 931; x_wconf 73' lang='lat' dir='ltr'>eqs.</span> <span class='ocrx_word' id='word_1_76' title='bbox 458 874 582 917; x_wconf 85' lang='lat' dir='ltr'>Recte</span> <span class='ocrx_word' id='word_1_77' title='bbox 613 875 844 916; x_wconf 85' lang='lat' dir='ltr'>universam</span> <span class='ocrx_word' id='word_1_78' title='bbox 882 874 1104 915; x_wconf 86' lang='lat' dir='ltr'>orationem</span> <span class='ocrx_word' id='word_1_79' title='bbox 1146 874 1301 930; x_wconf 82' lang='lat' dir='ltr'>primus</span> <span class='ocrx_word' id='word_1_80' title='bbox 1345 875 1554 916; x_wconf 81' lang='lat' dir='ltr'>constituit</span> <span class='ocrx_word' id='word_1_81' title='bbox 1589 875 1693 916; x_wconf 89' lang='lat' dir='ltr'>Bur-</span> 
     </span>
     <span class='ocr_line' id='line_1_11' title="bbox 123 945 1693 1002; baseline -0.001 -14"><span class='ocrx_word' id='word_1_82' title='bbox 123 946 276 1000; x_wconf 89' lang='lat' dir='ltr'>sianus‚</span> <span class='ocrx_word' id='word_1_83' title='bbox 302 946 371 988; x_wconf 89' lang='lat' dir='ltr'>sed</span> <span class='ocrx_word' id='word_1_84' title='bbox 394 946 502 1001; x_wconf 91' lang='lat' dir='ltr'>quod</span> <span class='ocrx_word' id='word_1_85' title='bbox 520 946 681 1002; x_wconf 79' lang='lat' dir='ltr'>scripsit</span> <span class='ocrx_word' id='word_1_86' title='bbox 703 948 835 1002; x_wconf 74' lang='lat' dir='ltr'>itaque.</span> <span class='ocrx_word' id='word_1_87' title='bbox 855 945 956 987; x_wconf 92' lang='lat' dir='ltr'>mihi</span> <span class='ocrx_word' id='word_1_88' title='bbox 978 960 1059 986; x_wconf 90' lang='lat' dir='ltr'>non</span> <span class='ocrx_word' id='word_1_89' title='bbox 1083 946 1224 1002; x_wconf 84' lang='lat' dir='ltr'>placet.</span> <span class='ocrx_word' id='word_1_90' title='bbox 1257 945 1387 990; x_wconf 85' lang='lat' dir='ltr'>Codd.</span> <span class='ocrx_word' id='word_1_91' title='bbox 1410 946 1529 988; x_wconf 88' lang='lat' dir='ltr'>ABV</span> <span class='ocrx_word' id='word_1_92' title='bbox 1546 946 1693 988; x_wconf 83' lang='lat' dir='ltr'>habent</span> 
     </span>
     <span class='ocr_line' id='line_1_12' title="bbox 122 1017 1694 1076; baseline -0.001 -15"><span class='ocrx_word' id='word_1_93' title='bbox 122 1028 342 1076; x_wconf 75' lang='lat' dir='ltr'>aptaquae,</span> <span class='ocrx_word' id='word_1_94' title='bbox 389 1019 463 1060; x_wconf 86' lang='lat' dir='ltr'>sub</span> <span class='ocrx_word' id='word_1_95' title='bbox 508 1033 587 1073; x_wconf 90' lang='lat' dir='ltr'>quo</span> <span class='ocrx_word' id='word_1_96' title='bbox 631 1017 863 1060; x_wconf 75' lang='lat' dir='ltr'>delitescere</span> <span class='ocrx_word' id='word_1_97' title='bbox 915 1017 1074 1059; x_wconf 84' lang='lat' dir='ltr'>videtur</span> <span class='ocrx_word' id='word_1_98' title='bbox 1108 1028 1502 1075; x_wconf 55' lang='lat' dir='ltr'>proptereaqaoe</span> <span class='ocrx_word' id='word_1_99' title='bbox 1546 1018 1694 1074; x_wconf 89' lang='lat' dir='ltr'>quippe</span> 
     </span>
     <span class='ocr_line' id='line_1_13' title="bbox 121 1089 1692 1146; baseline 0 -14"><span class='ocrx_word' id='word_1_100' title='bbox 121 1091 364 1133; x_wconf 80' lang='lat' dir='ltr'>exstiterunt</span> <span class='ocrx_word' id='word_1_101' title='bbox 384 1091 463 1132; x_wconf 86' lang='lat' dir='ltr'>iam</span> <span class='ocrx_word' id='word_1_102' title='bbox 488 1090 529 1131; x_wconf 83' lang='lat' dir='ltr'>in</span> <span class='ocrx_word' id='word_1_103' title='bbox 552 1090 739 1132; x_wconf 87' lang='lat' dir='ltr'>codicum</span> <span class='ocrx_word' id='word_1_104' title='bbox 755 1098 987 1132; x_wconf 87' lang='lat' dir='ltr'>nostrorum</span> <span class='ocrx_word' id='word_1_105' title='bbox 1003 1089 1237 1145; x_wconf 73' lang='lat' dir='ltr'>archetypo,</span> <span class='ocrx_word' id='word_1_106' title='bbox 1253 1114 1306 1118; x_wconf 96' lang='lat'>—-</span> <span class='ocrx_word' id='word_1_107' title='bbox 1323 1106 1402 1132; x_wconf 90' lang='lat' dir='ltr'>non</span> <span class='ocrx_word' id='word_1_108' title='bbox 1426 1091 1495 1133; x_wconf 86' lang='lat' dir='ltr'>illo</span> <span class='ocrx_word' id='word_1_109' title='bbox 1517 1090 1692 1146; x_wconf 88' lang='lat' dir='ltr'>quidem,</span> 
     </span>
     <span class='ocr_line' id='line_1_14' title="bbox 121 1161 1693 1219; baseline 0.001 -15"><span class='ocrx_word' id='word_1_110' title='bbox 121 1170 166 1204; x_wconf 84' lang='lat' dir='ltr'>ut</span> <span class='ocrx_word' id='word_1_111' title='bbox 193 1178 323 1219; x_wconf 83' lang='lat' dir='ltr'>nuper</span> <span class='ocrx_word' id='word_1_112' title='bbox 351 1162 518 1217; x_wconf 83' lang='lat' dir='ltr'>quidam</span> <span class='ocrx_word' id='word_1_113' title='bbox 548 1162 670 1203; x_wconf 90' lang='lat' dir='ltr'>nimis</span> <span class='ocrx_word' id='word_1_114' title='bbox 700 1161 950 1204; x_wconf 85' lang='lat' dir='ltr'>confidenter</span> <span class='ocrx_word' id='word_1_115' title='bbox 978 1162 1247 1214; x_wconf 79' lang='lat' dir='ltr'>asseveravit,</span> <span class='ocrx_word' id='word_1_116' title='bbox 1278 1163 1513 1204; x_wconf 86' lang='lat' dir='ltr'>maiusculis</span> <span class='ocrx_word' id='word_1_117' title='bbox 1549 1163 1693 1205; x_wconf 88' lang='lat' dir='ltr'>litteris</span> 
     </span>
     <span class='ocr_line' id='line_1_15' title="bbox 120 1234 1693 1291; baseline 0.001 -14"><span class='ocrx_word' id='word_1_118' title='bbox 120 1242 298 1286; x_wconf 86' lang='lat' dir='ltr'>exarato,</span> <span class='ocrx_word' id='word_1_119' title='bbox 329 1258 379 1263; x_wconf 88' lang='lat'>—-</span> <span class='ocrx_word' id='word_1_120' title='bbox 411 1234 541 1276; x_wconf 81' lang='lat' dir='ltr'>multa</span> <span class='ocrx_word' id='word_1_121' title='bbox 562 1234 785 1290; x_wconf 77' lang='lat' dir='ltr'>scripturae</span> <span class='ocrx_word' id='word_1_122' title='bbox 808 1234 1062 1291; x_wconf 85' lang='lat' dir='ltr'>compendia,</span> <span class='ocrx_word' id='word_1_123' title='bbox 1093 1234 1371 1291; x_wconf 81' lang='lat' dir='ltr'>habemusque</span> <span class='ocrx_word' id='word_1_124' title='bbox 1391 1243 1545 1278; x_wconf 87' lang='lat' dir='ltr'>certum</span> <span class='ocrx_word' id='word_1_125' title='bbox 1567 1251 1693 1291; x_wconf 91' lang='lat' dir='ltr'>quen-</span> 
     </span>
     <span class='ocr_line' id='line_1_16' title="bbox 119 1306 1693 1363; baseline 0.001 -14"><span class='ocrx_word' id='word_1_126' title='bbox 119 1307 214 1349; x_wconf 84' lang='lat' dir='ltr'>dam</span> <span class='ocrx_word' id='word_1_127' title='bbox 230 1307 378 1354; x_wconf 91' lang='lat' dir='ltr'>locum,</span> <span class='ocrx_word' id='word_1_128' title='bbox 401 1307 471 1362; x_wconf 91' lang='lat' dir='ltr'>qui</span> <span class='ocrx_word' id='word_1_129' title='bbox 487 1306 536 1348; x_wconf 86' lang='lat' dir='ltr'>ad</span> <span class='ocrx_word' id='word_1_130' title='bbox 555 1306 660 1348; x_wconf 84' lang='lat' dir='ltr'>hanc</span> <span class='ocrx_word' id='word_1_131' title='bbox 677 1307 955 1361; x_wconf 85' lang='lat' dir='ltr'>quaestionem</span> <span class='ocrx_word' id='word_1_132' title='bbox 975 1307 1164 1348; x_wconf 88' lang='lat' dir='ltr'>nonnihil</span> <span class='ocrx_word' id='word_1_133' title='bbox 1186 1307 1321 1349; x_wconf 85' lang='lat' dir='ltr'>faciat:</span> <span class='ocrx_word' id='word_1_134' title='bbox 1344 1323 1381 1363; x_wconf 87' lang='lat' dir='ltr'>p.</span> <span class='ocrx_word' id='word_1_135' title='bbox 1400 1308 1551 1361; x_wconf 76' lang='lat'>206,24</span> <span class='ocrx_word' id='word_1_136' title='bbox 1570 1308 1693 1350; x_wconf 87' lang='lat' dir='ltr'>libra-</span> 
     </span>
     <span class='ocr_line' id='line_1_17' title="bbox 120 1378 1694 1437; baseline 0.001 -15"><span class='ocrx_word' id='word_1_137' title='bbox 120 1380 206 1422; x_wconf 89' lang='lat' dir='ltr'>rius</span> <span class='ocrx_word' id='word_1_138' title='bbox 224 1394 299 1436; x_wconf 93' lang='lat' dir='ltr'>pro</span> <span class='ocrx_word' id='word_1_139' title='bbox 316 1389 520 1437; x_wconf 80' lang='lat' dir='ltr'>properat</span> <span class='ocrx_word' id='word_1_140' title='bbox 536 1378 634 1433; x_wconf 81' lang='lat' dir='ltr'>legit</span> <span class='ocrx_word' id='word_1_141' title='bbox 651 1389 828 1437; x_wconf 63' lang='lat' dir='ltr'>propter</span> <span class='ocrx_word' id='word_1_142' title='bbox 844 1379 901 1420; x_wconf 84' lang='lat' dir='ltr'>ad</span> <span class='ocrx_word' id='word_1_143' title='bbox 919 1378 1041 1434; x_wconf 88' lang='lat' dir='ltr'>idque</span> <span class='ocrx_word' id='word_1_144' title='bbox 1057 1379 1340 1435; x_wconf 85' lang='lat' dir='ltr'>compendiose</span> <span class='ocrx_word' id='word_1_145' title='bbox 1358 1381 1538 1437; x_wconf 78' lang='lat' dir='ltr'>scripsit3</span> <span class='ocrx_word' id='word_1_146' title='bbox 1559 1381 1694 1436; x_wconf 81' lang='lat' dir='ltr'>itaque</span> 
     </span>
     <span class='ocr_line' id='line_1_18' title="bbox 117 1450 1690 1511; baseline 0 -16"><span class='ocrx_word' id='word_1_147' title='bbox 117 1451 203 1495; x_wconf 88' lang='lat' dir='ltr'>cod.</span> <span class='ocrx_word' id='word_1_148' title='bbox 242 1451 283 1492; x_wconf 90' lang='lat' dir='ltr'>A</span> <span class='ocrx_word' id='word_1_149' title='bbox 322 1450 486 1493; x_wconf 80' lang='lat' dir='ltr'>exhibet</span> <span class='ocrx_word' id='word_1_150' title='bbox 522 1451 680 1509; x_wconf 58' lang='lat' dir='ltr'>ppt‘ad</span> <span class='ocrx_word' id='word_1_151' title='bbox 728 1450 950 1505; x_wconf 88' lang='lat' dir='ltr'>eodemque</span> <span class='ocrx_word' id='word_1_152' title='bbox 992 1450 1095 1492; x_wconf 80' lang='lat' dir='ltr'>redit</span> <span class='ocrx_word' id='word_1_153' title='bbox 1138 1451 1223 1492; x_wconf 89' lang='lat' dir='ltr'>cod.</span> <span class='ocrx_word' id='word_1_154' title='bbox 1256 1452 1291 1493; x_wconf 93' lang='lat' dir='ltr'><strong>B</strong></span> <span class='ocrx_word' id='word_1_155' title='bbox 1322 1452 1522 1508; x_wconf 83' lang='lat' dir='ltr'>scriptura</span> <span class='ocrx_word' id='word_1_156' title='bbox 1554 1454 1690 1511; x_wconf 50' lang='lat' dir='ltr'>pferd.</span> 
     </span>
     <span class='ocr_line' id='line_1_19' title="bbox 119 1522 1692 1581; baseline 0.001 -15"><span class='ocrx_word' id='word_1_157' title='bbox 119 1523 189 1567; x_wconf 89' lang='lat' dir='ltr'>Sic</span> <span class='ocrx_word' id='word_1_158' title='bbox 238 1523 423 1580; x_wconf 89' lang='lat' dir='ltr'>suspicor</span> <span class='ocrx_word' id='word_1_159' title='bbox 462 1529 602 1565; x_wconf 82' lang='lat' dir='ltr'>nostro</span> <span class='ocrx_word' id='word_1_160' title='bbox 643 1523 731 1565; x_wconf 87' lang='lat' dir='ltr'>loco</span> <span class='ocrx_word' id='word_1_161' title='bbox 769 1522 868 1564; x_wconf 85' lang='lat' dir='ltr'>olim</span> <span class='ocrx_word' id='word_1_162' title='bbox 902 1529 1112 1565; x_wconf 77' lang='lat' dir='ltr'>exaratum</span> <span class='ocrx_word' id='word_1_163' title='bbox 1147 1522 1273 1565; x_wconf 88' lang='lat' dir='ltr'>fuisse</span> <span class='ocrx_word' id='word_1_164' title='bbox 1298 1531 1397 1581; x_wconf 57' lang='lat' dir='ltr'>ppt·</span> <span class='ocrx_word' id='word_1_165' title='bbox 1402 1541 1563 1580; x_wconf 79' lang='lat' dir='ltr'>eaquae,</span> <span class='ocrx_word' id='word_1_166' title='bbox 1600 1524 1692 1567; x_wconf 88' lang='lat' dir='ltr'>inde</span> 
     </span>
     <span class='ocr_line' id='line_1_20' title="bbox 117 1594 1173 1654; baseline -0.003 -15"><span class='ocrx_word' id='word_1_167' title='bbox 117 1610 306 1638; x_wconf 82' lang='lat' dir='ltr'>manasse</span> <span class='ocrx_word' id='word_1_168' title='bbox 334 1594 444 1651; x_wconf 92' lang='lat' dir='ltr'>quod</span> <span class='ocrx_word' id='word_1_169' title='bbox 473 1595 602 1637; x_wconf 82' lang='lat' dir='ltr'>nostri</span> <span class='ocrx_word' id='word_1_170' title='bbox 633 1595 746 1637; x_wconf 89' lang='lat' dir='ltr'>codd.</span> <span class='ocrx_word' id='word_1_171' title='bbox 778 1595 930 1637; x_wconf 78' lang='lat' dir='ltr'>habent</span> <span class='ocrx_word' id='word_1_172' title='bbox 960 1605 1173 1654; x_wconf 72' lang='lat' dir='ltr'>aptaquae.</span> 
     </span>
    </p>
   </div>
   <div class='ocr_carea' id='block_1_5' title="bbox 60 1682 1692 2321">
    <p class='ocr_par' dir='ltr' id='par_1_5' title="bbox 60 1682 1692 2321">
     <span class='ocr_line' id='line_1_21' title="bbox 247 1682 1692 1744; baseline 0.001 -17"><span class='ocrx_word' id='word_1_173' title='bbox 247 1682 417 1727; x_wconf 80' lang='lat' dir='ltr'>Contr.</span> <span class='ocrx_word' id='word_1_174' title='bbox 449 1683 482 1726; x_wconf 92' lang='lat' dir='ltr'>I.</span> <span class='ocrx_word' id='word_1_175' title='bbox 515 1685 621 1736; x_wconf 86' lang='lat' dir='ltr'>6,ll.</span> <span class='ocrx_word' id='word_1_176' title='bbox 652 1699 691 1741; x_wconf 91' lang='lat' dir='ltr'>p.</span> <span class='ocrx_word' id='word_1_177' title='bbox 725 1685 863 1738; x_wconf 84' lang='lat'>118,7:</span> <span class='ocrx_word' id='word_1_178' title='bbox 907 1684 1050 1727; x_wconf 85' lang='lat' dir='ltr'>Omnes</span> <span class='ocrx_word' id='word_1_179' title='bbox 1088 1686 1292 1728; x_wconf 74' lang='lat' dir='ltr'>honestam</span> <span class='ocrx_word' id='word_1_180' title='bbox 1326 1694 1494 1728; x_wconf 71' lang='lat' dir='ltr'>matrem</span> <span class='ocrx_word' id='word_1_181' title='bbox 1526 1688 1692 1744; x_wconf 79' lang='lat' dir='ltr'>puellae</span> 
     </span>
     <span class='ocr_line' id='line_1_22' title="bbox 115 1756 1689 1814; baseline 0.001 -16"><span class='ocrx_word' id='word_1_182' title='bbox 115 1756 322 1809; x_wconf 74' lang='lat' dir='ltr'>dederunt,</span> <span class='ocrx_word' id='word_1_183' title='bbox 367 1773 500 1799; x_wconf 81' lang='lat' dir='ltr'>omnes</span> <span class='ocrx_word' id='word_1_184' title='bbox 544 1757 734 1800; x_wconf 64' lang='lat' dir='ltr'>dixerunt</span> <span class='ocrx_word' id='word_1_185' title='bbox 779 1775 858 1814; x_wconf 82' lang='lat' dir='ltr'>qua</span> <span class='ocrx_word' id='word_1_186' title='bbox 901 1757 1187 1800; x_wconf 73' lang='lat' dir='ltr'>misericordia</span> <span class='ocrx_word' id='word_1_187' title='bbox 1233 1757 1500 1811; x_wconf 67' lang='lat' dir='ltr'>(dz‘scesszsse)</span> <span class='ocrx_word' id='word_1_188' title='bbox 1530 1768 1689 1811; x_wconf 81' lang='lat' dir='ltr'>motam,</span> 
     </span>
     <span class='ocr_line' id='line_1_23' title="bbox 119 1828 1691 1886; baseline 0.001 -15"><span class='ocrx_word' id='word_1_189' title='bbox 119 1845 198 1886; x_wconf 82' lang='lat' dir='ltr'>qua</span> <span class='ocrx_word' id='word_1_190' title='bbox 241 1844 388 1871; x_wconf 85' lang='lat' dir='ltr'>amore.</span> <span class='ocrx_word' id='word_1_191' title='bbox 460 1828 569 1870; x_wconf 92' lang='lat' dir='ltr'>Nolo</span> <span class='ocrx_word' id='word_1_192' title='bbox 606 1843 716 1871; x_wconf 89' lang='lat' dir='ltr'>nunc</span> <span class='ocrx_word' id='word_1_193' title='bbox 745 1843 956 1884; x_wconf 81' lang='lat' dir='ltr'>quaerere,</span> <span class='ocrx_word' id='word_1_194' title='bbox 1000 1844 1124 1885; x_wconf 85' lang='lat' dir='ltr'>quam</span> <span class='ocrx_word' id='word_1_195' title='bbox 1167 1844 1261 1872; x_wconf 91' lang='lat' dir='ltr'>vere</span> <span class='ocrx_word' id='word_1_196' title='bbox 1303 1829 1581 1885; x_wconf 87' lang='lat' dir='ltr'>Kiesslingius</span> <span class='ocrx_word' id='word_1_197' title='bbox 1625 1831 1691 1873; x_wconf 91' lang='lat' dir='ltr'>hic</span> 
     </span>
     <span class='ocr_line' id='line_1_24' title="bbox 114 1900 1691 1957; baseline 0.001 -15"><span class='ocrx_word' id='word_1_198' title='bbox 114 1900 333 1942; x_wconf 83' lang='lat' dir='ltr'>inseruerit</span> <span class='ocrx_word' id='word_1_199' title='bbox 362 1901 605 1953; x_wconf 75' lang='lat' dir='ltr'>discessisse,</span> <span class='ocrx_word' id='word_1_200' title='bbox 636 1908 777 1943; x_wconf 87' lang='lat' dir='ltr'>contra</span> <span class='ocrx_word' id='word_1_201' title='bbox 805 1902 848 1942; x_wconf 91' lang='lat' dir='ltr'>in</span> <span class='ocrx_word' id='word_1_202' title='bbox 869 1903 1132 1957; x_wconf 82' lang='lat' dir='ltr'>sequentibus</span> <span class='ocrx_word' id='word_1_203' title='bbox 1154 1901 1352 1944; x_wconf 86' lang='lat' dir='ltr'>nonnulla</span> <span class='ocrx_word' id='word_1_204' title='bbox 1371 1901 1581 1944; x_wconf 78' lang='lat' dir='ltr'>deleverit:</span> <span class='ocrx_word' id='word_1_205' title='bbox 1611 1902 1691 1944; x_wconf 83' lang='lat' dir='ltr'>alia</span> 
     </span>
     <span class='ocr_line' id='line_1_25' title="bbox 116 1971 1686 2029; baseline 0.001 -16"><span class='ocrx_word' id='word_1_206' title='bbox 116 1972 159 2014; x_wconf 90' lang='lat' dir='ltr'>in</span> <span class='ocrx_word' id='word_1_207' title='bbox 196 1971 260 2013; x_wconf 90' lang='lat' dir='ltr'>his</span> <span class='ocrx_word' id='word_1_208' title='bbox 294 1972 396 2014; x_wconf 92' lang='lat' dir='ltr'>mihi</span> <span class='ocrx_word' id='word_1_209' title='bbox 433 1972 568 2014; x_wconf 83' lang='lat' dir='ltr'>oblata</span> <span class='ocrx_word' id='word_1_210' title='bbox 606 1979 668 2015; x_wconf 83' lang='lat' dir='ltr'>est</span> <span class='ocrx_word' id='word_1_211' title='bbox 703 1973 942 2026; x_wconf 83' lang='lat' dir='ltr'>difficultas,</span> <span class='ocrx_word' id='word_1_212' title='bbox 982 1989 1105 2029; x_wconf 84' lang='lat' dir='ltr'>quam</span> <span class='ocrx_word' id='word_1_213' title='bbox 1141 1989 1261 2017; x_wconf 89' lang='lat' dir='ltr'>nemo</span> <span class='ocrx_word' id='word_1_214' title='bbox 1299 1974 1476 2016; x_wconf 83' lang='lat' dir='ltr'>sensisse</span> <span class='ocrx_word' id='word_1_215' title='bbox 1515 1973 1686 2016; x_wconf 86' lang='lat' dir='ltr'>videtur.</span> 
     </span>
     <span class='ocr_line' id='line_1_26' title="bbox 116 2043 1689 2103; baseline 0.002 -18"><span class='ocrx_word' id='word_1_216' title='bbox 116 2043 281 2086; x_wconf 85' lang='lat' dir='ltr'>Etenim</span> <span class='ocrx_word' id='word_1_217' title='bbox 311 2044 408 2099; x_wconf 89' lang='lat' dir='ltr'>quid</span> <span class='ocrx_word' id='word_1_218' title='bbox 440 2045 516 2086; x_wconf 91' lang='lat' dir='ltr'>sibi</span> <span class='ocrx_word' id='word_1_219' title='bbox 558 2045 658 2087; x_wconf 83' lang='lat' dir='ltr'>velit</span> <span class='ocrx_word' id='word_1_220' title='bbox 686 2047 855 2098; x_wconf 84' lang='lat' dir='ltr'>,matris‘</span> <span class='ocrx_word' id='word_1_221' title='bbox 891 2047 1048 2103; x_wconf 81' lang='lat' dir='ltr'>puellae</span> <span class='ocrx_word' id='word_1_222' title='bbox 1085 2047 1238 2089; x_wconf 84' lang='lat' dir='ltr'>mentio</span> <span class='ocrx_word' id='word_1_223' title='bbox 1273 2062 1354 2089; x_wconf 89' lang='lat' dir='ltr'>non</span> <span class='ocrx_word' id='word_1_224' title='bbox 1390 2046 1572 2103; x_wconf 83' lang='lat' dir='ltr'>dispicio,</span> <span class='ocrx_word' id='word_1_225' title='bbox 1608 2061 1689 2088; x_wconf 88' lang='lat' dir='ltr'>non</span> 
     </span>
     <span class='ocr_line' id='line_1_27' title="bbox 117 2115 1689 2174; baseline 0.003 -18"><span class='ocrx_word' id='word_1_226' title='bbox 117 2115 251 2168; x_wconf 89' lang='lat' dir='ltr'>video,</span> <span class='ocrx_word' id='word_1_227' title='bbox 272 2129 394 2170; x_wconf 87' lang='lat' dir='ltr'>quam</span> <span class='ocrx_word' id='word_1_228' title='bbox 416 2116 467 2158; x_wconf 94' lang='lat' dir='ltr'>ob</span> <span class='ocrx_word' id='word_1_229' title='bbox 488 2131 575 2158; x_wconf 90' lang='lat' dir='ltr'>rem</span> <span class='ocrx_word' id='word_1_230' title='bbox 595 2116 752 2159; x_wconf 86' lang='lat' dir='ltr'>dicatur</span> <span class='ocrx_word' id='word_1_231' title='bbox 779 2133 868 2160; x_wconf 83' lang='lat' dir='ltr'>eam</span> <span class='ocrx_word' id='word_1_232' title='bbox 889 2117 1139 2172; x_wconf 83' lang='lat' dir='ltr'>discessisse,</span> <span class='ocrx_word' id='word_1_233' title='bbox 1160 2125 1281 2174; x_wconf 86' lang='lat' dir='ltr'>atque</span> <span class='ocrx_word' id='word_1_234' title='bbox 1302 2117 1343 2159; x_wconf 90' lang='lat' dir='ltr'>id</span> <span class='ocrx_word' id='word_1_235' title='bbox 1359 2125 1511 2160; x_wconf 82' lang='lat' dir='ltr'>motam</span> <span class='ocrx_word' id='word_1_236' title='bbox 1530 2119 1689 2160; x_wconf 88' lang='lat' dir='ltr'>miseri-</span> 
     </span>
     <span class='ocr_line' id='line_1_28' title="bbox 60 2184 1687 2248; baseline 0.002 -18"><span class='ocrx_word' id='word_1_237' title='bbox 60 2184 64 2187; x_wconf 33' lang='lat'><em>*</em></span> <span class='ocrx_word' id='word_1_238' title='bbox 112 2189 252 2231; x_wconf 89' lang='lat' dir='ltr'>cordia</span> <span class='ocrx_word' id='word_1_239' title='bbox 282 2189 346 2232; x_wconf 88' lang='lat' dir='ltr'>vel</span> <span class='ocrx_word' id='word_1_240' title='bbox 375 2205 522 2232; x_wconf 82' lang='lat' dir='ltr'>amore.</span> <span class='ocrx_word' id='word_1_241' title='bbox 581 2190 705 2232; x_wconf 82' lang='lat' dir='ltr'>Dicta</span> <span class='ocrx_word' id='word_1_242' title='bbox 733 2190 832 2234; x_wconf 88' lang='lat' dir='ltr'>haec</span> <span class='ocrx_word' id='word_1_243' title='bbox 861 2206 950 2234; x_wconf 89' lang='lat' dir='ltr'>esse</span> <span class='ocrx_word' id='word_1_244' title='bbox 979 2198 1146 2248; x_wconf 79' lang='lat' dir='ltr'>apparet</span> <span class='ocrx_word' id='word_1_245' title='bbox 1166 2191 1214 2233; x_wconf 90' lang='lat' dir='ltr'>de</span> <span class='ocrx_word' id='word_1_246' title='bbox 1234 2191 1364 2247; x_wconf 85' lang='lat' dir='ltr'>ipsius</span> <span class='ocrx_word' id='word_1_247' title='bbox 1384 2191 1542 2246; x_wconf 86' lang='lat' dir='ltr'>puellae</span> <span class='ocrx_word' id='word_1_248' title='bbox 1560 2190 1687 2233; x_wconf 85' lang='lat' dir='ltr'>facto:</span> 
     </span>
     <span class='ocr_line' id='line_1_29' title="bbox 114 2262 1689 2321; baseline 0.002 -19"><span class='ocrx_word' id='word_1_249' title='bbox 114 2268 360 2318; x_wconf 84' lang='lat' dir='ltr'>quapropter</span> <span class='ocrx_word' id='word_1_250' title='bbox 390 2262 649 2305; x_wconf 90' lang='lat' dir='ltr'>scribendum</span> <span class='ocrx_word' id='word_1_251' title='bbox 678 2278 882 2320; x_wconf 84' lang='lat' dir='ltr'>propono:</span> <span class='ocrx_word' id='word_1_252' title='bbox 913 2280 1047 2307; x_wconf 84' lang='lat' dir='ltr'>omnes</span> <span class='ocrx_word' id='word_1_253' title='bbox 1075 2266 1278 2307; x_wconf 75' lang='lat' dir='ltr'>honestam</span> <span class='ocrx_word' id='word_1_254' title='bbox 1307 2273 1505 2306; x_wconf 73' lang='lat' dir='ltr'>mentem</span> <span class='ocrx_word' id='word_1_255' title='bbox 1526 2264 1689 2321; x_wconf 80' lang='lat' dir='ltr'>puellae</span> 
     </span>
    </p>
   </div>
   <div class='ocr_carea' id='block_1_6' title="bbox 113 2333 1689 2392">
    <p class='ocr_par' dir='ltr' id='par_1_6' title="bbox 113 2333 1689 2392">
     <span class='ocr_line' id='line_1_30' title="bbox 113 2333 1689 2392; baseline 0.002 -17"><span class='ocrx_word' id='word_1_256' title='bbox 113 2333 319 2376; x_wconf 69' lang='lat' dir='ltr'>dederuut.</span> <span class='ocrx_word' id='word_1_257' title='bbox 378 2333 440 2377; x_wconf 83' lang='lat' dir='ltr'>Cf.</span> <span class='ocrx_word' id='word_1_258' title='bbox 474 2351 511 2391; x_wconf 92' lang='lat' dir='ltr'>p.</span> <span class='ocrx_word' id='word_1_259' title='bbox 543 2336 694 2389; x_wconf 80' lang='lat'>348,27</span> <span class='ocrx_word' id='word_1_260' title='bbox 729 2338 867 2379; x_wconf 75' lang='lat' dir='ltr'>habuit</span> <span class='ocrx_word' id='word_1_261' title='bbox 894 2337 1036 2379; x_wconf 81' lang='lat' dir='ltr'>bonam</span> <span class='ocrx_word' id='word_1_262' title='bbox 1064 2346 1243 2388; x_wconf 77' lang='lat' dir='ltr'>mentem,</span> <span class='ocrx_word' id='word_1_263' title='bbox 1273 2351 1312 2392; x_wconf 91' lang='lat' dir='ltr'>p.</span> <span class='ocrx_word' id='word_1_264' title='bbox 1334 2335 1484 2388; x_wconf 82' lang='grc' dir='ltr'>4ΟΟ,27</span> <span class='ocrx_word' id='word_1_265' title='bbox 1503 2344 1546 2378; x_wconf 78' lang='lat' dir='ltr'>ut</span> <span class='ocrx_word' id='word_1_266' title='bbox 1573 2337 1689 2378; x_wconf 81' lang='lat' dir='ltr'>salva</span> 
     </span>
    </p>
   </div>
   <div class='ocr_carea' id='block_1_7' title="bbox 109 2408 1254 2465">
    <p class='ocr_par' dir='ltr' id='par_1_7' title="bbox 109 2408 1254 2465">
     <span class='ocr_line' id='line_1_31' title="bbox 109 2408 1254 2465; baseline 0.003 -18"><span class='ocrx_word' id='word_1_267' title='bbox 109 2408 328 2463; x_wconf 77' lang='lat' dir='ltr'>provincia</span> <span class='ocrx_word' id='word_1_268' title='bbox 357 2408 422 2458; x_wconf 74' lang='lat' dir='ltr'>sit,</span> <span class='ocrx_word' id='word_1_269' title='bbox 454 2417 631 2465; x_wconf 72' lang='lat' dir='ltr'>optemus</span> <span class='ocrx_word' id='word_1_270' title='bbox 660 2411 868 2451; x_wconf 78' lang='lat' dir='ltr'>meretrici</span> <span class='ocrx_word' id='word_1_271' title='bbox 893 2410 1035 2451; x_wconf 83' lang='lat' dir='ltr'>bonam</span> <span class='ocrx_word' id='word_1_272' title='bbox 1064 2410 1254 2451; x_wconf 75' lang='lat' dir='ltr'>mentem?</span> 
     </span>
    </p>
   </div>
   <div class='ocr_carea' id='block_1_8' title="bbox 111 2493 1687 2916">
    <p class='ocr_par' dir='ltr' id='par_1_8' title="bbox 111 2493 1687 2916">
     <span class='ocr_line' id='line_1_32' title="bbox 245 2493 1687 2555; baseline 0.001 -17"><span class='ocrx_word' id='word_1_273' title='bbox 245 2493 410 2538; x_wconf 80' lang='lat' dir='ltr'>Contr.</span> <span class='ocrx_word' id='word_1_274' title='bbox 441 2495 474 2538; x_wconf 92' lang='lat' dir='ltr'>I.</span> <span class='ocrx_word' id='word_1_275' title='bbox 506 2496 611 2551; x_wconf 86' lang='lat'>7,18.</span> <span class='ocrx_word' id='word_1_276' title='bbox 643 2513 682 2554; x_wconf 93' lang='lat' dir='ltr'>p.</span> <span class='ocrx_word' id='word_1_277' title='bbox 717 2497 882 2550; x_wconf 79' lang='lat'>129‚21:</span> <span class='ocrx_word' id='word_1_278' title='bbox 934 2499 1016 2540; x_wconf 82' lang='grc' dir='ltr'>Ηιό</span> <span class='ocrx_word' id='word_1_279' title='bbox 1052 2498 1125 2548; x_wconf 90' lang='lat' dir='ltr'>(sc.</span> <span class='ocrx_word' id='word_1_280' title='bbox 1164 2495 1416 2553; x_wconf 88' lang='lat' dir='ltr'>Gargonius)</span> <span class='ocrx_word' id='word_1_281' title='bbox 1444 2499 1609 2555; x_wconf 68' lang='lat' dir='ltr'>putavit</span> <span class='ocrx_word' id='word_1_282' title='bbox 1647 2515 1687 2540; x_wconf 84' lang='lat' dir='ltr'>se</span> 
     </span>
     <span class='ocr_line' id='line_1_33' title="bbox 112 2568 1686 2629; baseline 0.002 -20"><span class='ocrx_word' id='word_1_283' title='bbox 112 2568 271 2610; x_wconf 83' lang='lat' dir='ltr'>varium</span> <span class='ocrx_word' id='word_1_284' title='bbox 293 2569 463 2610; x_wconf 81' lang='lat' dir='ltr'>colorem</span> <span class='ocrx_word' id='word_1_285' title='bbox 483 2571 729 2628; x_wconf 48' lang='lat' dir='ltr'>exeo-(litasse</span> <span class='ocrx_word' id='word_1_286' title='bbox 749 2587 834 2628; x_wconf 76' lang='lat' dir='ltr'>pro</span> <span class='ocrx_word' id='word_1_287' title='bbox 858 2579 998 2627; x_wconf 75' lang='lat' dir='ltr'>patre:</span> <span class='ocrx_word' id='word_1_288' title='bbox 1027 2587 1108 2629; x_wconf 71' lang='lat' dir='ltr'>eqo,</span> <span class='ocrx_word' id='word_1_289' title='bbox 1135 2572 1278 2627; x_wconf 77' lang='lat' dir='ltr'>inquit,</span> <span class='ocrx_word' id='word_1_290' title='bbox 1309 2570 1479 2613; x_wconf 74' lang='lat' dir='ltr'>dictavi:</span> <span class='ocrx_word' id='word_1_291' title='bbox 1509 2570 1686 2627; x_wconf 80' lang='lat' dir='ltr'>‘duplam</span> 
     </span>
     <span class='ocr_line' id='line_1_34' title="bbox 113 2638 1684 2701; baseline 0.001 -20"><span class='ocrx_word' id='word_1_292' title='bbox 113 2638 230 2692; x_wconf 83' lang='lat' dir='ltr'>dabo,</span> <span class='ocrx_word' id='word_1_293' title='bbox 260 2641 303 2683; x_wconf 79' lang='lat' dir='ltr'>si</span> <span class='ocrx_word' id='word_1_294' title='bbox 326 2638 469 2683; x_wconf 83' lang='lat' dir='ltr'>manus</span> <span class='ocrx_word' id='word_1_295' title='bbox 498 2657 577 2683; x_wconf 92' lang='lat' dir='ltr'>non</span> <span class='ocrx_word' id='word_1_296' title='bbox 602 2642 915 2699; x_wconf 75' lang='lat' dir='ltr'>praecz‘derz&#39;ti8.&#39;</span> <span class='ocrx_word' id='word_1_297' title='bbox 947 2643 1118 2685; x_wconf 76' lang='lat' dir='ltr'>librario</span> <span class='ocrx_word' id='word_1_298' title='bbox 1138 2660 1219 2686; x_wconf 83' lang='lat' dir='ltr'>una</span> <span class='ocrx_word' id='word_1_299' title='bbox 1237 2644 1392 2701; x_wconf 77' lang='lat' dir='ltr'>syllaba</span> <span class='ocrx_word' id='word_1_300' title='bbox 1412 2642 1563 2684; x_wconf 72' lang='lat' dir='ltr'>excidit</span> <span class='ocrx_word' id='word_1_301' title='bbox 1583 2640 1684 2683; x_wconf 82' lang='lat' dir='ltr'>‘non&#39;</span> 
     </span>
     <span class='ocr_line' id='line_1_35' title="bbox 112 2712 1687 2770; baseline 0.002 -18"><span class='ocrx_word' id='word_1_302' title='bbox 112 2719 148 2753; x_wconf 77' lang='lat' dir='ltr'>et</span> <span class='ocrx_word' id='word_1_303' title='bbox 175 2713 341 2769; x_wconf 76' lang='lat' dir='ltr'>scripsit</span> <span class='ocrx_word' id='word_1_304' title='bbox 375 2712 430 2755; x_wconf 80' lang='lat' dir='ltr'>‘si</span> <span class='ocrx_word' id='word_1_305' title='bbox 453 2713 770 2770; x_wconf 71' lang='lat' dir='ltr'>praecz&#39;dericz&#39;s&#39;.</span> <span class='ocrx_word' id='word_1_306' title='bbox 830 2712 984 2756; x_wconf 88' lang='lat' dir='ltr'>Omnes</span> <span class='ocrx_word' id='word_1_307' title='bbox 1021 2714 1194 2757; x_wconf 82' lang='lat' dir='ltr'>editores</span> <span class='ocrx_word' id='word_1_308' title='bbox 1229 2715 1271 2756; x_wconf 90' lang='lat' dir='ltr'>in</span> <span class='ocrx_word' id='word_1_309' title='bbox 1307 2714 1393 2757; x_wconf 91' lang='lat' dir='ltr'>cod.</span> <span class='ocrx_word' id='word_1_310' title='bbox 1425 2714 1458 2756; x_wconf 89' lang='grc' dir='ltr'><strong>Τ</strong></span> <span class='ocrx_word' id='word_1_311' title='bbox 1488 2714 1687 2770; x_wconf 79' lang='lat' dir='ltr'>scriptura</span> 
     </span>
     <span class='ocr_line' id='line_1_36' title="bbox 111 2783 1684 2843; baseline 0.001 -18"><span class='ocrx_word' id='word_1_312' title='bbox 111 2784 272 2826; x_wconf 79' lang='lat' dir='ltr'>varium</span> <span class='ocrx_word' id='word_1_313' title='bbox 303 2783 362 2838; x_wconf 93' lang='lat' dir='ltr'>(A</span> <span class='ocrx_word' id='word_1_314' title='bbox 378 2784 434 2828; x_wconf 92' lang='lat' dir='ltr'>B:</span> <span class='ocrx_word' id='word_1_315' title='bbox 466 2785 670 2839; x_wconf 66' lang='lat' dir='ltr'>varo-ium)</span> <span class='ocrx_word' id='word_1_316' title='bbox 701 2787 958 2843; x_wconf 85' lang='lat' dir='ltr'>acquievere3</span> <span class='ocrx_word' id='word_1_317' title='bbox 998 2787 1098 2829; x_wconf 92' lang='lat' dir='ltr'>mihi</span> <span class='ocrx_word' id='word_1_318' title='bbox 1135 2801 1182 2829; x_wconf 87' lang='lat' dir='ltr'>ea</span> <span class='ocrx_word' id='word_1_319' title='bbox 1215 2787 1344 2828; x_wconf 78' lang='lat' dir='ltr'>futilis</span> <span class='ocrx_word' id='word_1_320' title='bbox 1374 2786 1536 2828; x_wconf 83' lang='lat' dir='ltr'>videtur</span> <span class='ocrx_word' id='word_1_321' title='bbox 1565 2792 1684 2841; x_wconf 85' lang='lat' dir='ltr'>atque</span> 
     </span>
     <span class='ocr_line' id='line_1_37' title="bbox 111 2855 1683 2916; baseline 0.003 -19"><span class='ocrx_word' id='word_1_322' title='bbox 111 2855 339 2912; x_wconf 87' lang='lat' dir='ltr'>pergaudeo</span> <span class='ocrx_word' id='word_1_323' title='bbox 376 2856 484 2898; x_wconf 91' lang='lat' dir='ltr'>idem</span> <span class='ocrx_word' id='word_1_324' title='bbox 523 2857 702 2900; x_wconf 86' lang='lat' dir='ltr'>sensisse</span> <span class='ocrx_word' id='word_1_325' title='bbox 738 2857 805 2902; x_wconf 90' lang='lat' dir='ltr'>W.</span> <span class='ocrx_word' id='word_1_326' title='bbox 836 2858 1102 2912; x_wconf 84' lang='lat' dir='ltr'>Muellerum3</span> <span class='ocrx_word' id='word_1_327' title='bbox 1146 2865 1279 2901; x_wconf 78' lang='lat' dir='ltr'>tamen</span> <span class='ocrx_word' id='word_1_328' title='bbox 1316 2859 1421 2914; x_wconf 88' lang='lat' dir='ltr'>quod</span> <span class='ocrx_word' id='word_1_329' title='bbox 1459 2859 1545 2916; x_wconf 86' lang='lat' dir='ltr'>ipse</span> <span class='ocrx_word' id='word_1_330' title='bbox 1574 2872 1683 2901; x_wconf 89' lang='lat' dir='ltr'>com-</span> 
     </span>
    </p>
   </div>
  </div>
 </body>
</html>
