2025 3131
967 78 1240 120 „36-

318 207 480 241 mentus¹
509 207 571 241 est
601 199 746 255 (praef.
778 199 931 241 Kiessl.
962 215 1001 256 p.
1031 199 1159 252 XJH)
1181 202 1461 258 praeclarum,
1491 217 1574 242 non
1615 202 1754 257 probo.
1811 202 1893 244 Pro

319 277 428 313 certo
458 271 586 312 habeo
618 269 816 312 Senecam
846 271 1076 327 scripsisse:
1120 273 1186 313 bic
1210 273 1371 329 putavit
1428 288 1469 313 se
1496 273 1694 328 vafrum
1723 274 1894 316 colorem

321 346 565 401 ezr-coyitasse
589 359 671 399 pro
691 351 829 400 patre.

454 413 618 456 Contr.
650 414 683 456 I.
716 415 822 467 8‚l5.
844 431 882 471 p.
908 415 1076 468 137227:
1107 417 1236 458 aiebat
1267 425 1574 473 praeceptorem
1602 433 1720 458 suum
1748 418 1793 458 in
1827 418 1903 459 hac

321 489 594 528 controversia
638 487 924 529 describentem
947 489 1142 545 pericula
1165 488 1316 544 futuri
1353 489 1515 545 proelii
1546 487 1602 540 abj
1630 489 1703 530 lzoc
1732 489 1904 531 Homeri

325 574 443 600 versu
472 561 689 616 incepisse:
719 558 944 613 Δαιμόνιε,
975 562 1126 617 φθίσει
1154 571 1200 601 σε
1220 558 1268 601 τὸ
1301 558 1383 601 σόν
1411 562 1544 613 μένος.
1603 559 1671 601 W.
1700 558 1903 602 Muellero

324 630 424 672 haec
452 636 617 686 accepta
645 631 767 672 refert
786 632 1038 673 novissimus
1069 631 1215 683 edit0r3
1246 646 1320 686 ego
1340 647 1422 673 non
1442 640 1539 688 puto
1561 637 1672 674 tanto
1694 632 1904 674 molimine

327 717 428 758 opus
449 717 549 753 esse,
581 703 651 744 sed
672 703 802 757 magis
823 704 1018 745 insistens
1039 703 1154 745 codd.
1175 703 1359 757 vestigiis
1381 704 1427 745 ob
1456 704 1528 745 lzoc
1559 704 1732 746 Homeri
1757 719 1900 746 versus

324 774 454 816 edisse
487 773 561 827 (Vt
593 774 786 829 edidisse)
815 789 1021 832 propono:
1059 776 1106 817 ob
1134 776 1207 817 hoc
1236 775 1410 817 Homeri
1435 776 1664 828 versum1)
1696 776 1903 818 dedisse.

328 844 415 888 Cfr.
446 861 484 902 p.
516 847 666 899 325,18
710 848 989 890 Publilianam
1031 848 1268 890 sententiam
1311 847 1422 889 dedit
1464 847 1642 902 itemque
1670 863 1709 904 p.
1740 848 1904 900 321‚22.

326 933 366 973 p.
397 918 562 969 33221.

457 988 621 1032 Contr.
660 990 715 1031 II.
749 991 881 1043 11‚10.
912 1006 950 1046 p.
982 990 1150 1043 186‚10:
1195 991 1306 1033 Cesti
1343 992 1425 1033 Pii.
1464 992 1598 1034 Timeo
1634 1000 1801 1034 mortem
1834 1008 1906 1034 nec

325 1064 409 1104 iam
437 1062 558 1103 liabeo
590 1064 659 1104 cui
690 1079 869 1119 peream.
928 1061 1044 1104 Haec
1082 1077 1156 1117 ego
1193 1078 1276 1104 non
1314 1062 1525 1117 intellego:
1563 1062 1663 1118 quid
1691 1062 1803 1105 enim
1831 1068 1907 1117 est,

325 1148 396 1175 cur
439 1133 549 1174 filius
597 1139 754 1189 patrem
804 1149 887 1175 non
920 1149 1093 1176 exorans
1127 1140 1381 1189 mortemque
1415 1134 1563 1176 timens
1599 1134 1707 1177 dicat
1744 1149 1787 1176 se
1821 1149 1906 1176 non

326 1206 408 1247 iam
443 1205 592 1247 habere
635 1205 701 1247 cui
745 1205 913 1262 pereat?
970 1205 1067 1248 Meo
1110 1205 1260 1248 iudicio
1304 1206 1391 1248 veri
1434 1206 1608 1261 vestigia
1648 1206 1716 1249 hic
1760 1206 1909 1249 melius

329 1278 508 1319 servavit
551 1277 636 1320 cod.
670 1277 703 1319 T
748 1278 791 1318 in
821 1292 902 1333 quo
941 1283 1003 1319 est
1035 1295 1227 1335 paream,
1262 1278 1561 1334 legendumque
1600 1279 1792 1323 arbitror:
1839 1296 1910 1322 nec

327 1351 410 1392 iam
439 1351 561 1392 liabeo
583 1351 666 1391 cui
681 1367 717 1407 p
731 1367 756 1391 a
768 1367 911 1392 ream.
961 1348 1064 1391 Vult
1083 1349 1209 1404 igitur
1228 1349 1362 1391 filium
1381 1350 1642 1393 vehementer
1661 1356 1911 1394 commotum

333 1436 552 1477 moraeque
580 1422 860 1478 impatientem
892 1422 1024 1464 dicere
1062 1437 1105 1464 se
1140 1437 1223 1464 non
1253 1422 1439 1464 dubitare
1476 1423 1543 1465 vel
1576 1429 1718 1465 contra
1751 1429 1911 1480 patrem

330 1493 493 1548 quidvis
514 1494 596 1535 iam
617 1494 763 1548 moliri,
781 1500 826 1535 ut
846 1495 969 1536 evitet
991 1500 1167 1536 mortem
1182 1494 1496 1551 impendentem.
1544 1493 1765 1538 Simillimo
1788 1494 1910 1537 modo

331 1582 370 1622 p.
400 1567 525 1618 337,5
554 1566 692 1607 Julius
723 1566 878 1608 Bassus
909 1566 1008 1608 dicit
1037 1568 1107 1609 cui
1126 1584 1302 1624 parcam
1327 1567 1548 1624 parricida
1576 1583 1657 1609 non
1685 1568 1824 1611 habeo.

461 1638 655 1680 Ibidem
700 1639 724 1692 ξ
754 1640 818 1681 20.
865 1654 903 1695 p.
938 1639 1078 1692 192,9:
1128 1640 1255 1681 Latro
1293 1640 1366 1682 7200
1402 1640 1532 1681 colore
1566 1656 1663 1681 usus
1703 1641 1918 1682 est:scitz's

322 1712 606 1768 periclitantes
634 1713 766 1754 alieno
796 1712 967 1754 arbitrio
998 1727 1128 1768 ayere.
1158 1712 1227 1753 illi
1253 1713 1327 1767 qui
1359 1712 1471 1752 circa
1500 1719 1615 1753 erant
1644 1711 1816 1764 sodales,
1848 1712 1923 1768 qui

331 1792 592 1825 occurrerant
621 1785 748 1826 amici
762 1785 947 1841 paterni,
978 1785 1164 1825 aiebant:
1181 1800 1317 1825 eamus
1336 1785 1473 1825 statim
1500 1783 1555 1825 ad
1574 1792 1718 1840 raptae
1729 1791 1899 1840 patrem
1906 1801 1919 1837 ,·

332 1857 376 1897 in
405 1855 605 1897 eiusmodi
631 1872 726 1897 casu
754 1857 824 1898 illi
848 1864 1062 1913 rogantur-3
1091 1872 1186 1897 nam
1214 1864 1426 1913 raptorum
1445 1863 1592 1912 patres
1620 1857 1789 1912 royant'.
1835 1854 1917 1897 Pro

333 1941 379 1968 eo
422 1926 532 1982 quod
574 1927 767 1981 vulgatur
809 1929 878 1969 illi
918 1927 1004 1969 cod.
1049 1928 1091 1968 A
1126 1926 1291 1969 exhibet
1324 1928 1432 1979 hubi,
1463 1926 1585 1969 ceteri
1613 1928 1693 1969 ubi.
1751 1927 1917 1970 Dubius

333 2001 415 2042 iam
435 2000 567 2042 haesit
585 2000 877 2056 Kiesslingius‚
901 2000 970 2042 sed
991 2000 1096 2042 nihil
1116 2001 1199 2054 egit
1223 1999 1474 2042 coniiciendo
1495 2002 1542 2042 lii
1556 2002 1686 2043 subito
1705 2010 1917 2059 rogantur.

335 2070 606 2115 Scribendum
635 2079 749 2128 puto:
780 2075 824 2114 in
854 2073 1056 2115 eiusmodi
1085 2089 1183 2114 casu
1211 2073 1265 2114 hi
1289 2073 1378 2114 unz·
1402 2081 1618 2129 royantur:
1654 2090 1749 2115 nam
1776 2080 1916 2130 rapto-

335 2161 427 2186 rum
452 2154 594 2202 patres
613 2168 668 2174 —
688 2154 843 2202 royant.

469 2215 642 2259 Contr.
677 2216 732 2258 Π.
765 2217 868 2269 13,7.
913 2232 951 2272 p.
986 2217 1132 2269 207,1:
1204 2217 1383 2273 Imputat
1413 2217 1491 2258 tibi
1516 2216 1626 2272 quod
1644 2217 1817 2274 publica
1846 2225 1922 2270 est,-

336 2291 508 2347 imputat
550 2290 628 2330 tibi
667 2289 776 2345 quod
810 2298 916 2330 torta
953 2297 1027 2342 est5
1069 2290 1241 2346 imputat
1270 2289 1348 2330 tibi
1373 2288 1482 2344 quod
1508 2289 1661 2330 sterilis
1690 2297 1757 2330 est.
1815 2287 1919 2329 Tam

337 2360 506 2403 ridicule
541 2360 689 2402 dicitur
717 2361 824 2402 hanc
860 2361 1056 2417 optimam
1086 2375 1253 2402 uxorem
1283 2360 1485 2416 imputare
1513 2359 1660 2401 marito
1690 2359 1800 2414 quod
1829 2375 1918 2416 ,pu—

340 2432 457 2474 blica‘
503 2433 567 2484 sit,
612 2432 717 2474 nihil
760 2439 805 2473 ut
848 2448 937 2474 esse
980 2432 1110 2489 possit
1154 2447 1288 2488 supra.
1346 2431 1440 2474 Hoc
1469 2431 1567 2486 quid
1598 2431 1650 2472 sit
1678 2430 1794 2473 docet
1823 2429 1920 2474 Sen-

338 2503 416 2560 Ep.
447 2505 570 2557 88‚37
600 2507 811 2561 quaeritur
842 2537 850 2545 .
881 2538 889 2546 .
923 2538 931 2545 .
964 2522 1016 2546 an
1046 2505 1213 2562 Sappho
1234 2505 1407 2562 publica
1422 2504 1574 2560 fuerit.
1623 2503 1770 2558 Neque
1799 2502 1918 2558 quid-

341 2591 463 2631 quam
493 2577 701 2632 proficitur
720 2576 806 2618 cod.
829 2576 862 2617 T
884 2576 1054 2618 lectione
1069 2577 1293 2634 publicata.
1329 2575 1380 2616 In
1400 2580 1592 2631 promptu
1611 2580 1674 2616 est
1693 2574 1920 2617 emendatio

340 2648 549 2690 lenissima
579 2648 798 2702 eademque
826 2648 1071 2691 certissima:
1101 2649 1274 2705 imputat
1301 2648 1379 2689 tibi
1404 2647 1514 2703 quod
1530 2646 1739 2704 pudica
1767 2656 1835 2689 est.

476 2758 498 2802 1)
524 2757 754 2802 Singularem
788 2767 974 2791 numerum
1009 2768 1067 2792 res
1103 2757 1181 2800 ipsa
1214 2755 1382 2800 requirit:
1418 2767 1500 2791 nam
1533 2766 1645 2791 unum
1673 2755 1919 2792 tantummodo

342 2823 487 2848 versum
512 2823 660 2856 eumque
684 2812 743 2847 vix
768 2812 949 2856 integrum
975 2822 1017 2847 ex
1041 2811 1165 2846 Iliadis
1189 2812 1250 2847 illo
1274 2812 1351 2847 loco
1374 2814 1499 2856 petere
1521 2814 1677 2856 poterat.
1970 2808 1972 2810 ’
