2025 3131
1000 154 1274 195 -12-

344 282 468 318 ratur.
527 276 806 330 Kiesslingius
837 275 1000 331 scripsit
1027 274 1179 316 ,Jahnio
1210 275 1426 317 obsecutus
1461 277 1648 318 tricolum
1677 278 1756 319 tale
1785 279 1927 334 qualia

344 358 437 391 sum
466 365 567 405 quae
598 349 809 390 basilicam
838 350 1052 405 injectam:
1083 353 1124 389 at
1153 362 1249 389 vero
1279 349 1490 404 infectare,
1521 348 1629 402 quod
1659 348 1798 401 sciam,
1842 349 1926 391 La-

345 421 479 462 tinum
507 419 753 461 vocabulum
783 420 949 461 omnino
979 435 1062 462 non
1092 426 1165 472 est,
1210 420 1297 461 iure
1341 419 1466 474 igitur
1503 419 1781 462 dubitabimus
1810 420 1925 463 codd.

344 492 559 534 lectionem
590 491 781 533 vitiosam
810 494 1005 535 inseccant
1034 492 1112 534 isto
1142 492 1263 534 modo
1293 497 1462 533 mutare.
1521 490 1644 544 Quod
1673 493 1772 534 olim
1802 493 1926 547 vulgo

344 565 556 619 legebatur
585 566 782 621 infestant
810 570 872 605 est
902 579 998 606 sane
1026 564 1235 617 Latinum,
1267 564 1340 606 sed
1370 578 1567 620 perquam
1597 565 1793 620 ineptum.
1835 565 1927 620 Ego

344 637 570 693 putaverim
614 635 918 690 agnoscendum
962 650 1049 677 esse
1102 637 1273 678 verbum
1320 637 1513 689 sectandi,
1525 635 1558 690 ¹)
1609 636 1651 677 in
1699 651 1746 678 eo
1792 643 1928 679 autem

345 709 454 764 quod
499 715 561 750 est
604 710 817 751 basiliam
860 708 986 750 latere
1030 709 1289 760 vocabulum,
1333 723 1413 763 quo
1458 709 1498 750 id
1543 709 1758 750 hominum
1799 723 1928 764 genus

343 782 521 824 breviter
550 781 774 832 denotetur,
806 780 876 836 qui
906 781 949 821 in
981 781 1150 822 basilica
1179 781 1332 821 versari
1363 787 1402 822 et
1431 795 1548 835 agere
1579 781 1746 823 soleant.
1805 779 1929 834 Quod

344 853 464 908 quale
493 853 615 895 fuerit
644 852 799 906 ambigi
828 857 976 909 potest.
1035 852 1240 894 Novimus
1287 852 1367 893 tale
1410 867 1559 894 nomen
1596 853 1845 895 declinatum
1880 868 1929 895 ex

343 926 420 968 hac
456 924 652 980 glossaz2)
693 926 1000 979 „basz'lz'cz'arz'us
1041 923 1232 978 μαλακός
1275 923 1510 982 ἀγοραῖοςζζ,
1546 939 1846 980 possumusque
1883 940 1930 967 eo

343 998 515 1040 fortasse
558 998 626 1040 hic
669 998 740 1050 uti,
787 998 892 1040 sicut
922 995 1017 1039 Sen.
1049 997 1100 1038 de
1130 997 1242 1040 breV.
1274 997 1345 1038 vit.
1376 996 1432 1038 X.
1487 997 1542 1039 in.
1579 997 1677 1039 dicit
1707 999 1929 1051 Fabianus,

343 1087 423 1113 non
466 1087 515 1113 ew
558 1071 622 1112 ln's
666 1070 938 1112 catlzcdrarz‘z‘s
971 1071 1248 1127 philosophis,
1293 1071 1366 1112 sed
1410 1086 1459 1111 eze
1501 1072 1610 1112 veris
1654 1078 1690 1111 et
1724 1072 1929 1127 antiquis:

345 1157 488 1184 verum
518 1141 717 1183 habemus
747 1141 868 1183 etiam
899 1141 1069 1182 alterius
1100 1141 1312 1182 cuiusdam
1342 1140 1638 1195 declinationis,
1670 1156 1774 1196 quae
1793 1143 1931 1185 nescio

347 1230 400 1255 an
429 1214 497 1256 hic
526 1213 789 1270 praeferenda
821 1213 884 1265 sit,
919 1213 1138 1267 vestigium
1170 1214 1213 1254 in
1248 1227 1383 1265 versu,
1416 1220 1460 1254 ut
1494 1213 1669 1266 videtur,
1701 1213 1931 1267 subditicio,

346 1286 417 1328 sed
460 1292 597 1327 tamen
641 1285 738 1326 satis
782 1285 950 1339 antiquo
996 1291 1051 1326 et·
1079 1285 1179 1326 bene
1217 1285 1367 1326 Latino
1396 1284 1529 1326 Plaut.
1561 1285 1678 1341 Capt.
1708 1285 1784 1328 IV.
1814 1287 1930 1338 235:

346 1360 527 1410 Quo'o'wn
565 1359 663 1401 odos
698 1359 1018 1400 subbasilicanos
1064 1360 1191 1400 o'nmis
1234 1350 1366 1416 abigit
1403 1363 1446 1400 in
1472 1360 1636 1415 forum,
1684 1358 1790 1400 unde
1819 1359 1930 1400 haud

345 1430 481 1487 inepte
510 1430 702 1472 coniicias
732 1430 937 1472 exstitisse
967 1430 1174 1484 quondam
1194 1445 1344 1472 nomen
1373 1432 1635 1483 basilicanus,
1667 1454 1721 1459 -—
1750 1430 1794 1472 id
1822 1430 1932 1486 quod

344 1503 487 1545 multis
518 1503 641 1545 etiam
687 1502 1029 1545 declinationibus
1070 1502 1274 1544 similibus
1319 1502 1418 1543 satis
1464 1503 1671 1558 probatur,
1718 1527 1769 1533 --
1813 1503 1930 1545 cuius

346 1576 465 1618 nobis
494 1591 592 1618 casu
621 1582 661 1618 et
688 1575 855 1617 fortuito
885 1575 1047 1616 nullum
1083 1581 1290 1631 praeterea
1334 1575 1569 1631 exemplum
1613 1581 1820 1617 servatum
1864 1575 1931 1617 sit.

347 1648 537 1705 Propono
567 1648 692 1702 igitur
722 1662 802 1703 qua
830 1647 874 1688 in
905 1647 977 1688 tali
1006 1662 1050 1689 re
1079 1661 1153 1703 par
1182 1654 1243 1688 est
1272 1647 1458 1689 cautione
1489 1647 1768 1689 scribendum:
1799 1647 1885 1690 dia:
1896 1649 1936 1692 it

347 1723 582 1764 tricolum
611 1723 689 1764 tale
719 1723 860 1778 qualia
889 1729 980 1763 sunt
1001 1737 1104 1777 quae
1131 1722 1403 1762 basilicam·
1431 1730 1706 1762 sectantur.

480 1793 750 1837 Gonu-NH.
765 1794 870 1846 162.
887 1808 926 1848 p.
943 1793 1094 1848 299,17
1107 1795 1386 1851 :po-oz'ecffusin
1400 1810 1511 1835 mare
1528 1793 1731 1849 quidquid
1733 1803 1829 1850 post
1848 1795 1935 1836 exi-

348 1869 446 1910 lium
463 1877 498 1909 et
512 1869 780 1924 nau-fraqima
795 1868 977 1922 velfacz't
992 1867 1057 1908 vel
1059 1867 1225 1923 patitur
1242 1866 1577 1921 abomm'foedere
1592 1867 1697 1907 vitae
1713 1867 1933 1908 coimmunis

348 1941 583 1991 abstractus,
604 1956 836 1997 poemorum
866 1940 951 1980 eius
970 1955 1094 1995 pars,
1131 1954 1210 1979 non
1240 1946 1275 1979 et
1293 1939 1496 1994 nequitiae
1527 1954 1626 1995 opus
1655 1947 1724 1979 est.
1783 1936 1930 1980 Schulr

348 2011 515 2066 tingius,
560 2011 626 2053 cui
668 2011 768 2053 haec
814 2011 1014 2066 scriptura
1058 2010 1239 2062 debetur,
1281 2010 1525 2052 sententiam
1556 2009 1645 2051 sine
1673 2009 1797 2052 dubio
1827 2016 1934 2052 recte

348 2083 603 2140 interpunxit
631 2084 799 2139 eiusque
828 2083 915 2124 vim
944 2083 1026 2124 fere
1061 2083 1284 2139 perspexit3
1322 2089 1456 2124 tamen
1501 2081 1637 2136 aliquo
1677 2082 1798 2124 modo
1843 2098 1933 2124 eam

348 2157 557 2213 pervertit,
589 2171 684 2198 cum
714 2167 748 2199 et
779 2156 972 2198 scriberet
1015 2171 1089 2212 pro
1133 2170 1179 2197 eo
1223 2155 1332 2209 quod
1375 2155 1418 2196 in
1462 2154 1669 2196 codicibus
1699 2160 1833 2196 exstat
1863 2164 1931 2197 est.

352 2229 470 2270 Iusta
497 2230 638 2284 reique
667 2227 972 2271 accommodata
992 2226 1213 2277 ἀντίθεσις
1242 2235 1329 2268 tum
1359 2227 1525 2269 demum
1553 2227 1640 2279 fiet,
1673 2227 1707 2268 si
1737 2226 1934 2268 deleveris

354 2302 543 2344 voculam
573 2311 629 2344 est
659 2317 709 2343 ex
737 2301 819 2342 fine
849 2301 1049 2342 enuntiati
1079 2316 1151 2357 per
1180 2315 1360 2342 errorem
1389 2300 1470 2342 huc
1500 2299 1688 2341 delatam.

483 2375 651 2419 Contr.
683 2374 781 2417 VII.
812 2376 948 2427 2134.
979 2390 1019 2430 p.
1051 2375 1194 2425 3525:
1226 2376 1364 2431 Nepos
1394 2375 1586 2420 Licinius
1616 2374 1778 2415 illinon
1797 2373 1933 2424 cessim

350 2449 458 2491 dixit
487 2451 611 2491 enim:
642 2449 711 2490 sub
740 2449 816 2490 illa,
845 2448 1038 2489 subsellia
1067 2448 1236 2488 transite
1265 2448 1394 2498 servi,
1425 2447 1595 2488 transite
1626 2446 1771 2496 liberti,
1802 2454 1935 2502 empta

351 2523 545 2579 coynatz'o.
603 2521 760 2578 Aperte
789 2527 1025 2575 corruptum
1054 2524 1117 2560 est
1137 2520 1209 2561 sub
1231 2520 1304 2560 illa
1333 2520 1534 2560 subsellia.
1565 2541 1617 2545 ——-
1646 2531 1699 2557 an
1729 2517 1805 2558 sub
1837 2516 1934 2558 sub-

352 2593 481 2635 selliis
511 2593 671 2634 latitare
700 2593 894 2634 iubentur
923 2591 1074 2633 miselli
1104 2591 1166 2632 illi
1195 2591 1413 2632 homines?
1442 2613 1497 2619 ——
1527 2589 1666 2632 Sensit
1686 2589 1764 2630 hoc
1784 2587 1934 2631 Schul-

352 2666 517 2719 tingius,
555 2664 625 2706 sed
655 2680 744 2707 cun]
778 2664 902 2706 nimis
933 2664 1103 2706 haerens
1132 2663 1175 2704 in
1206 2663 1366 2704 traditis
1396 2663 1582 2718 apicibus
1613 2661 1777 2717 scripsit
1804 2662 1934 2702 subito

486 2776 511 2818 ¹)
550 2775 621 2809 Cfr.
654 2785 687 2818 p.
723 2776 818 2818 390‚1
854 2776 1013 2822 sequitur
1055 2778 1171 2809 autem
1210 2773 1273 2808 hoc
1309 2784 1417 2820 usque
1453 2774 1488 2807 in
1514 2773 1642 2819 forum
1680 2770 1934 2807 declamatores

352 2832 485 2873 vitium,
507 2836 545 2865 ut
568 2832 764 2866 necessaria
788 2830 950 2865 deserant
973 2829 1056 2865 dum
1077 2830 1235 2876 speciosa
1258 2833 1444 2864 sectamur.

485 2886 513 2929 ²)
541 2885 614 2920 Cfr.
639 2885 757 2920 Gloss.
783 2886 865 2920 Car.
889 2884 1058 2924 Labbaei‚
1081 2884 1166 2919 Lut.
1190 2883 1274 2919 Par.
1299 2883 1572 2918 MDOLXXIX.
1595 2893 1628 2926 p.
1651 2884 1705 2920 21.
