2025 3131
991 119 1263 161 ,34—

337 250 459 299 caput
488 242 765 283 tumultuantis
795 241 912 283 deos!
963 240 1106 295 [taque
1145 246 1190 281 ut
1226 239 1365 281 stellae
1404 244 1583 280 errantes
1612 239 1723 292 illae,
1757 239 1814 281 ita
1850 240 1911 282 sol

336 319 375 354 et
402 312 501 353 luna
531 312 597 353 hic
626 311 832 354 debebunt
861 311 1003 353 haberi
1033 327 1104 368 pro
1134 311 1243 353 deis
1280 324 1500 365 eorumque
1535 311 1701 352 nomina
1731 311 1789 354 sic
1816 326 1911 354 exa-

338 384 417 426 rari
446 391 492 425 ut
519 384 606 426 fieri
637 384 738 425 solet
767 384 810 425 in
840 384 1127 426 nominibus
1173 383 1403 439 propriis.
1476 382 1564 424 Iam
1610 398 1704 424 vero
1743 383 1778 424 si
1821 398 1911 439 spe-

335 462 492 498 ctamus
514 456 583 498 illa
604 467 792 499 contrane
822 456 920 498 deus
948 458 1111 508 steterit,
1142 455 1274 510 qualis
1297 455 1362 496 hic
1382 454 1642 511 potissimum
1663 455 1913 509 significetur

336 527 448 581 deus,
479 544 560 570 non
589 528 728 583 liquet.
788 528 920 570 Immo
949 535 1133 570 tenemus
1154 526 1247 568 inde
1273 527 1323 568 ab
1354 527 1417 567 his
1449 527 1583 568 verbis
1614 527 1692 568 tria
1720 528 1913 569 orationis

336 601 521 642 membra
549 607 733 642 accurate
762 600 975 652 distincta,
1006 614 1182 654 quorum
1220 599 1261 640 in
1291 598 1423 654 primo
1454 599 1520 652 agi
1550 598 1708 640 videtur
1737 598 1787 641 de
1817 599 1913 650 sole,

335 671 378 713 in
410 672 585 714 secundo
615 672 664 714 de
692 672 808 726 luna,
839 672 882 713 in
912 672 1030 714 tertio
1061 671 1109 713 de
1140 670 1268 712 stellis
1299 670 1553 722 errantibus3
1594 678 1637 711 ut
1666 678 1803 713 autem
1832 678 1914 714 ter-

338 744 441 785 tium
469 759 493 785 a
522 744 698 786 secundo
729 750 836 786 recte
866 750 1112 798 segregatur,
1157 742 1214 783 ita
1256 742 1379 783 huius
1417 742 1579 784 initium
1609 743 1659 785 ab
1691 742 1914 786 editoribus

335 831 419 858 non
439 822 544 859 recte
564 816 834 858 constitutum
854 823 927 868 est,
959 815 1029 870 qui
1057 814 1143 857 cod.
1182 814 1215 856 T
1241 819 1508 856 correctorem
1530 815 1656 856 secuti
1686 815 1830 858 dedere
1860 833 1914 858 an

327 893 497 949 plenam
527 891 652 932 lucem
681 905 753 945 pro
783 891 826 931 iu
847 890 1038 946 pleozamz
1083 887 1250 929 omnino
1293 886 1568 929 tollendum
1611 894 1673 928 est
1714 887 1817 929 illud
1859 890 1914 940 in,

337 963 424 1005 sive
467 978 517 1004 ex
561 962 746 1017 sequenti
788 963 910 1004 initia
954 961 1041 1002 sive
1085 959 1246 1001 aliunde
1282 966 1424 1001 natum
1453 966 1526 1001 est.
1585 958 1778 1002 Ceterum
1807 959 1915 1001 tertii

335 1034 510 1077 membri
525 1034 699 1091 primam
715 1032 958 1089 particulam
974 1032 1224 1074 decurtatam
1245 1046 1334 1074 esse
1355 1032 1457 1073 bene
1472 1031 1631 1073 monuit
1652 1031 1915 1075 Konitzerus.

336 1106 493 1159 Restat,
524 1112 570 1147 ut
599 1119 866 1162 persanemus
896 1104 1076 1161 primum
1119 1104 1362 1156 membrum,
1407 1102 1516 1158 quod
1557 1103 1772 1145 manifesto
1816 1103 1916 1146 vitio

334 1180 520 1222 laborare
549 1178 839 1220 intelleximus.
912 1176 1092 1218 Parvula
1120 1176 1344 1218 mutatione
1373 1190 1475 1232 opus
1505 1182 1584 1229 est;
1614 1175 1798 1232 scripsit,
1834 1176 1915 1217 nisi

337 1252 495 1307 egregie
524 1251 654 1303 fallor,
702 1251 872 1293 Seneca:
918 1258 1106 1291 contrane
1149 1249 1302 1290 durus
1345 1250 1498 1290 steterit
1540 1265 1592 1290 αη
1612 1248 1810 1305 placidus
1839 1248 1914 1291 ad-

323 1325 499 1382 fulserit
528 1323 630 1367 Sol.
1368 1312 1371 1314 ,

469 1393 607 1437 Suas.
639 1393 711 1436 VI.
743 1394 780 1435 9.
812 1409 849 1449 p.
880 1393 974 1444 38‚3
1004 1393 1130 1434 altera
1158 1392 1371 1434 divisionis
1392 1391 1666 1434 Latronianae
1695 1407 1803 1449 pars,
1835 1409 1916 1450 qua

336 1468 472 1526 posuit
487 1467 740 1519 Ciceronem,
769 1465 929 1507 etiamsi
959 1466 1192 1507 Antonium
1220 1465 1514 1521 deprecaretur,
1543 1465 1671 1507 vitam
1699 1465 1916 1522 impetrare

335 1556 420 1583 non
448 1554 580 1596 posse,
610 1538 876 1580 adumbratur
904 1537 1057 1593 paucis,
1102 1552 1278 1592 quorum
1321 1537 1484 1579 initium
1527 1537 1570 1578 in
1613 1537 1726 1579 codd.
1762 1538 1914 1580 nostris

336 1614 393 1655 ita
423 1612 618 1669 scriptum
648 1616 798 1653 exstat:
843 1611 1014 1652 deinde:
1056 1626 1136 1652 uon
1165 1611 1363 1666 futurum
1392 1610 1504 1666 fidei
1537 1611 1774 1667 impetratae
1802 1611 1915 1652 bene-

334 1687 482 1738 ficium.
541 1683 706 1736 Quibus
735 1683 817 1724 iam
847 1680 1082 1724 Gronovius
1114 1681 1203 1735 (ed.
1234 1697 1272 1738 p.
1303 1680 1377 1734 38)
1409 1680 1539 1737 decipi
1575 1696 1617 1723 se
1653 1697 1736 1723 non
1770 1696 1915 1737 passus

336 1764 409 1800 est.
469 1755 552 1799 Sed
581 1755 691 1812 quod
719 1755 807 1812 ipse
837 1754 1048 1796 substituit
1077 1770 1156 1796 uon
1172 1754 1368 1810 futurum
1383 1754 1511 1808 fidele
1544 1755 1649 1796 vitae
1678 1756 1916 1812 impetratae

338 1831 579 1885 beneficium,
624 1835 709 1870 tam
751 1827 948 1869 violenter
991 1842 1158 1869 munere
1204 1841 1276 1868 suo
1320 1826 1483 1868 functus
1513 1833 1575 1868 est
1617 1841 1741 1881 quam
1769 1826 1914 1868 Kiess-

336 1902 500 1957 lingius,
531 1901 601 1957 qui
630 1916 760 1957 nuper
789 1899 936 1943 edidit:
967 1900 1250 1955 nonfuturam
1266 1899 1388 1953 fidem
1417 1900 1656 1956 impetranti
1672 1899 1913 1955 beneficium.

338 1972 609 2017 Scribendum
654 1972 830 2015 videtur:
875 1989 954 2014 ozon
983 1973 1182 2029 futurum
1211 1971 1323 2026 fidei
1361 1972 1758 2029 imperturbatae
1801 1972 1915 2014 bene-

322 2047 484 2101 ficium.
543 2044 628 2088 Cfr.
652 2044 747 2088 Sen.
776 2043 855 2100 Ep.
887 2044 952 2086 73.
985 2044 1010 2095 ξ
1042 2044 1094 2086 10
1121 2043 1413 2101 imperturbata
1423 2044 1605 2101 publicis
1638 2046 1913 2102 occupationi-

339 2119 409 2161 bus
439 2121 562 2174 quies.

469 2188 643 2233 Contr.
682 2188 715 2230 I.
753 2188 911 2245 praef.
951 2189 988 2230 7.
1025 2203 1063 2244 p.
1098 2188 1243 2240 5935:
1293 2189 1335 2231 iu
1372 2188 1547 2231 deterius
1585 2187 1731 2231 deinde
1769 2187 1915 2230 cotidie

337 2263 434 2305 data
471 2279 537 2304 fres
567 2271 633 2316 est,
669 2262 753 2303 sive
790 2262 890 2303 luxu
929 2269 1151 2318 temporum
1181 2284 1231 2289 —
1261 2261 1370 2302 m'hz't
1401 2262 1505 2303 euim
1541 2268 1623 2303 tam
1659 2260 1915 2316 mortiferum

336 2335 511 2393 iwqem'is
548 2351 669 2390 quam
706 2335 874 2376 luxuria
910 2341 966 2375 est
993 2355 1049 2361 —-
1077 2334 1172 2387 sive,
1217 2349 1306 2374 cum
1344 2334 1575 2390 praemium
1616 2334 1916 2388 pulcherrimae

336 2408 403 2449 rei
427 2406 648 2458 cecidisset,
679 2407 921 2448 translatum
950 2414 1006 2447 est
1036 2421 1147 2447 omne
1169 2413 1367 2447 certamen
1387 2405 1444 2447 ad
1467 2406 1607 2462 turpia
1625 2405 1747 2446 multo
1767 2405 1914 2447 honore

339 2488 580 2535 quaestuque
599 2480 775 2536 viqentia
795 2494 875 2534 eqs.
930 2476 1016 2529 Qui
1035 2477 1093 2529 fit,
1117 2482 1161 2518 ut
1181 2491 1300 2518 nemo
1320 2477 1571 2519 intellexerit
1591 2476 1712 2518 scribi
1732 2483 1914 2533 oportere

338 2567 427 2593 cum
458 2552 681 2608 pretium
708 2551 1014 2609 pulcherrimae
1049 2551 1114 2591 rei
1140 2549 1375 2592 cecidisset?
1418 2547 1503 2591 Vix
1537 2563 1638 2606 opus
1673 2555 1734 2591 est
1771 2549 1914 2591 afferre

336 2637 375 2678 p.
405 2622 500 2675 53,5
532 2622 725 2679 quamdiu
754 2639 851 2664 suus
882 2623 1026 2664 litteris
1045 2622 1183 2674 honor,
1215 2638 1330 2663 suum
1355 2622 1599 2678 eloquentiae
1621 2623 1804 2678 pretium
1824 2623 1912 2663 erit.

469 2704 642 2748 Contr.
682 2704 714 2746 I.
751 2706 831 2757 2,6.
871 2720 910 2761 p.
942 2705 1058 2756 84,5:
1102 2705 1285 2746 Romani
1323 2705 1535 2762 Hisponis.
1586 2703 1801 2761 Numquid
1840 2704 1914 2745 hoc

337 2794 471 2836 nean,
510 2779 773 2821 conluctatam
811 2786 846 2820 te
885 2786 1016 2819 tamen
1052 2792 1141 2818 cum
1176 2778 1276 2829 viro,
1322 2792 1438 2833 quem
1480 2777 1524 2818 in
1567 2777 1643 2818 illa
1672 2776 1912 2822 volutatione

336 2867 491 2893 necesse
525 2860 581 2892 est
601 2851 729 2908 prius
758 2865 881 2906 super
911 2858 945 2891 te
968 2849 1135 2905 fuisse?
1184 2848 1400 2891 Adiciebat
1440 2849 1526 2891 leno
1561 2849 1703 2890 merito
1739 2848 1911 2890 occis-um
