2025 3131
921 113 1197 154 -30-

259 235 413 291 optime
433 235 627 276 meritum
648 249 805 277 errasse
825 251 898 292 pro
919 242 1028 277 certo
1049 236 1189 278 habeo.
1232 235 1416 276 Primum
1438 236 1546 277 enim
1568 235 1747 277 vidimus
1768 236 1849 278 iam

259 322 385 363 supra
415 306 509 347 data
538 306 747 348 occasione
777 322 866 349 esse
896 307 973 350 hoc
1002 307 1246 349 emendandi
1273 322 1404 362 genus
1426 307 1467 348 in
1490 307 1555 348 his
1585 307 1701 349 libris
1731 308 1852 350 valde

259 378 474 420 lubricum.
524 377 653 420 Porro
683 378 789 433 quis,
821 393 984 434 quaeso,
1008 394 1202 434 unquam,
1227 386 1270 420 ut
1299 379 1634 435 interpretaretur
1664 379 1851 422 videlicet

256 450 476 507 adscripsit
504 450 727 492 nimirum?
765 450 822 492 Et
851 466 975 506 quam
995 452 1214 494 mirificum
1245 452 1288 492 in
1317 451 1485 492 modum
1516 451 1690 493 conflata
1718 450 1852 494 forent

256 524 335 564 ista
378 522 458 564 duo
503 523 718 565 vocabula!
769 523 875 565 Tum
920 539 1016 566 vero
1060 531 1199 566 manet
1242 523 1463 566 difficultas
1507 523 1703 576 maxima,
1741 524 1850 579 quod

256 601 388 637 totum
437 594 539 636 illud
586 596 845 637 enuntiatum
889 611 1021 651 neque
1064 612 1157 638 cum
1207 596 1543 652 praecedentibus
1595 595 1678 637 ullo
1727 595 1850 638 modo

256 667 448 710 cohaeret
483 683 616 723 neque
650 683 722 725 per
758 684 801 710 se
831 669 1016 723 intellegi
1047 675 1190 725 potest.
1252 667 1468 711 Similibus
1514 668 1743 710 rationibus
1774 668 1850 710 du-

255 746 344 782 ctus
373 746 496 795 atque
515 739 797 794 Kiesslingius
820 738 1075 794 Sanderusl)
1107 747 1241 796 spreto
1262 741 1457 782 Bursiani
1488 743 1684 783 nimirum
1712 747 1851 782 censet

253 827 278 853 a
305 829 526 868 numquam
554 812 754 854 vocabulo
783 812 910 854 alium
941 812 1146 855 rhetorem
1183 813 1384 869 incepisse
1420 819 1459 854 et
1497 827 1570 868 pro
1608 813 1850 855 vz‘dimirum

258 884 403 926 scribit
433 907 485 912 —
516 885 609 926 Vibi
634 886 751 941 Rufi,
783 885 893 940 quod
929 885 964 926 si
994 885 1059 927 cui
1089 885 1307 942 placuerit,
1338 885 1487 926 habeat
1518 885 1607 927 sibi.
1667 885 1773 941 Ego,
1805 892 1851 926 ut

255 955 418 997 tandem
462 955 561 1011 quid
605 956 694 1012 ipse
738 956 913 998 sentiam
952 957 1146 1013 aperiam,
1184 956 1289 998 nihil
1327 957 1503 998 arbitror
1532 972 1635 1012 esse,
1666 973 1739 1000 cur
1767 973 1850 1000 non

253 1043 526 1082 agnoscamus
570 1029 818 1070 vocabulum
856 1032 1053 1071 nimirum
1091 1030 1247 1071 nemini
1276 1030 1477 1085 ignotum,
1509 1029 1560 1071 ad
1590 1029 1701 1085 quod
1730 1030 1849 1085 quasi

258 1100 370 1143 ducit
399 1115 474 1142 nos
504 1099 694 1142 codicum
725 1101 940 1158 scriptura,
962 1116 1203 1157 persuasum
1234 1108 1369 1143 autem
1399 1100 1530 1143 habeo
1551 1107 1592 1143 et
1610 1101 1851 1145 vz'dzmz‘rum

254 1173 360 1215 nihil
377 1172 489 1214 aliud
510 1187 599 1214 esse
618 1172 698 1213 nisi
718 1173 810 1215 vidi
822 1172 1047 1226 (mffinirum
1065 1180 1105 1215 et
1125 1173 1323 1215 maiorem
1343 1188 1469 1229 quam
1489 1173 1613 1228 vulgo
1634 1180 1849 1216 autument

253 1261 342 1288 esse
357 1245 552 1287 orationis
574 1245 789 1298 defectum,
811 1245 1069 1288 intercidisse
1090 1247 1215 1288 verba
1234 1246 1436 1301 quaedam
1456 1261 1559 1301 quae
1576 1247 1850 1288 terminentur

256 1318 458 1360 vocabulo
489 1318 581 1360 vidi
606 1323 647 1359 et
674 1317 727 1359 ad
757 1332 861 1372 quae
895 1318 1037 1360 referri
1073 1318 1203 1374 possit
1237 1318 1341 1359 illud
1376 1318 1656 1368 enuntiatum,
1687 1318 1796 1374 quod
1825 1334 1850 1360 a

252 1390 454 1446 particula
488 1393 684 1432 nimirum
725 1389 888 1432 initium
919 1390 1039 1447 capit.
1097 1388 1216 1442 Quae
1245 1391 1371 1432 verba
1400 1391 1539 1445 qualia
1567 1391 1719 1433 fuerint
1748 1390 1847 1432 satis

252 1462 520 1518 probabiliter
555 1462 659 1504 mihi
696 1462 838 1505 videor
866 1463 1150 1518 investigasse.
1212 1462 1486 1505 Scribendum
1517 1479 1718 1520 propono:
1764 1465 1846 1506 Fa-

252 1536 371 1577 cilius
401 1544 470 1588 est,
500 1544 544 1577 ut
573 1538 646 1591 qui
671 1536 757 1577 alia
776 1538 984 1578 meretrici
1011 1536 1169 1578 dederit
1197 1536 1463 1579 homicidium.
1490 1545 1620 1594 neqet,
1653 1553 1774 1592 quam
1803 1544 1848 1578 ut

252 1609 328 1664 qui
352 1609 426 1650 hoc
456 1625 610 1665 quoque
638 1609 795 1651 dederit
817 1612 1033 1665 quicquam
1053 1609 1097 1662 (n
1108 1613 1280 1668 eyarz't.
1318 1611 1402 1652 ιΗΟ
1414 1611 1621 1661 minem’,
1659 1611 1846 1666 inquit,

253 1680 436 1723 ‘occidi'
467 1682 741 1738 numquam)
771 1682 910 1724 vidi’.
954 1701 981 1725 n
993 1685 1186 1725 z'mc'rum
1220 1699 1440 1739 numquam
1482 1682 1592 1724 istud
1632 1683 1847 1724 mulierum

252 1753 379 1795 oculis
414 1753 573 1795 ostendi
603 1755 713 1805 solet,
751 1763 821 1796 auc
860 1756 939 1796 ista
978 1756 1063 1797 iam
1101 1771 1221 1813 saepe
1249 1755 1428 1797 vidisset.
1487 1754 1584 1796 Non
1613 1761 1711 1811 puto
1742 1769 1846 1810 opus

251 1839 340 1866 esse
376 1824 509 1867 fusius
545 1825 826 1868 demonstrare
855 1826 934 1868 hac
963 1827 1128 1869 demum
1166 1827 1323 1869 ratione
1358 1827 1514 1868 iustum
1543 1826 1651 1869 effici
1681 1833 1842 1868 senten-

250 1897 400 1939 tiarum
445 1913 722 1955 progressum,
768 1899 886 1955 plene
922 1900 1113 1941 satisfieri
1150 1899 1336 1942 codicum
1372 1899 1619 1952 testimonio,
1650 1914 1844 1956 apparere

251 1984 417 2012 causam
448 1985 529 2026 qua
557 1970 712 2013 factum
752 1971 817 2023 sit,
864 1978 909 2012 ut
945 1972 1145 2013 nonnulla
1174 1971 1398 2013 transiliret
1428 1972 1606 2014 oscitans
1637 1971 1844 2014 librarius.

249 2041 346 2084 Hoc
367 2058 494 2084 unum
514 2043 646 2086 facere
666 2059 749 2086 non
770 2059 939 2100 possum
959 2045 1061 2099 quin
1081 2044 1242 2098 addam,
1266 2044 1477 2086 simillimo
1507 2044 1628 2086 modo
1657 2044 1844 2087 locutum

249 2129 339 2156 esse
359 2114 555 2157 Fulvium
576 2114 777 2173 Sparsum
806 2132 844 2172 p.
862 2116 986 2169 402,ss
1024 2115 1263 2159 ‘Hominem'
1296 2119 1427 2172 inquit
1458 2117 1608 2159 ‘occidi
1623 2134 1844 2173 numquam

250 2188 363 2230 vidi?
396 2190 555 2244 alioqui
580 2190 818 2232 Flaminino
844 2197 1042 2246 praetore
1080 2191 1216 2231 omnia
1246 2190 1332 2231 alia
1360 2189 1530 2231 vidisti?
1575 2188 1770 2232 Ceterum
1798 2195 1844 2230 ut

249 2260 353 2301 illud
398 2261 729 2317 supplementum
772 2262 815 2303 in
861 2262 1103 2303 universum
1140 2261 1238 2303 satis
1275 2268 1432 2303 certum
1469 2261 1586 2314 duco,
1626 2262 1684 2303 ita
1712 2262 1844 2319 possit

251 2331 455 2388 quispiam
484 2332 682 2386 dubitare,
704 2349 754 2375 an
776 2334 968 2389 pauciora
988 2334 1113 2375 verba
1143 2333 1349 2375 sufficiant
1378 2333 1721 2388 scribendumque
1751 2340 1841 2375 tan-

251 2404 461 2446 tummodo
498 2405 551 2447 sit
591 2412 634 2446 ut
670 2405 719 2448 de
753 2421 797 2448 re
839 2406 1033 2448 omnibus
1077 2412 1173 2448 nota
1232 2406 1512 2462 ‘numquam
1553 2407 1690 2459 vz'di',
1737 2407 1843 2450 sicut

249 2492 289 2533 p.
318 2477 471 2531 402‚10
501 2476 588 2520 Silo
617 2478 840 2535 Pompeius
870 2479 985 2521 dicit:
1025 2480 1258 2535 ‘numquam
1286 2480 1399 2521 vidi!
1432 2480 1548 2522 adice
1576 2482 1618 2522 si
1642 2482 1727 2522 vis:
1758 2480 1841 2523 ‘nec

251 2550 334 2591 alio
360 2559 551 2607 praetore
580 2551 718 2593 videre
737 2554 912 2609 potero'.

384 2632 552 2676 Contr.
588 2634 643 2676 X.
674 2636 783 2686 332.
815 2651 854 2691 p.
885 2636 1028 2688 491,1;
1073 2636 1159 2678 Sua
1190 2638 1363 2692 quoique
1392 2638 1605 2679 calamitas
1634 2645 1841 2692 tamquam

250 2723 320 2748 ars
365 2707 629 2764 adszzqnatur:
672 2709 765 2750 lzuz'c
809 2717 919 2750 recca
962 2709 1139 2750 membra
1180 2718 1272 2750 sunt
1315 2717 1350 2750 et
1391 2710 1433 2750 si
1471 2725 1584 2751 nemo
1629 2708 1839 2763 (moratur)

385 2852 407 2891 1)
433 2851 674 2894 Quaestiones
699 2851 736 2885 in
762 2851 844 2886 Sen.
869 2851 976 2887 Rhet.
1002 2852 1238 2896 syntacticae.
1263 2853 1362 2887 Part.
1387 2852 1416 2888 I.
1440 2863 1473 2897 p.
1497 2855 1549 2892 38.
