2025 3131
260 212 360 253 dum
395 209 607 266 exemplar
646 208 783 250 minus
821 213 974 248 attente
1013 207 1166 260 legunt,
1213 205 1378 258 singula
1413 205 1613 259 quaedam
1650 205 1845 247 vocabula

259 284 337 325 sibi
389 290 487 324 nota
531 295 752 336 agnoscere
803 279 881 320 sibi
932 278 1166 320 viderentur
1209 292 1256 318 ac
1312 277 1509 318 memoria
1552 277 1846 330 fallacibusque

259 355 510 410 imaginibus
561 353 717 409 decepti
769 352 810 393 in
861 351 1127 394 describendo
1183 351 1431 392 laberentur.
1503 349 1561 391 Et
1613 357 1847 405 serpserunt

259 441 571 482 nonnumquam
620 425 722 466 tales
777 438 954 477 errores,
994 449 1048 453 —
1086 423 1419 480 interpolationes
1471 421 1638 476 quidam
1686 428 1846 474 vocant,

260 501 398 542 minus
420 500 593 557 proprie,
627 500 829 555 siquidem
860 499 962 540 ratio
984 499 1099 540 abest
1119 505 1158 538 et
1177 498 1408 549 consilium,
1431 521 1485 527 —-
1506 495 1642 552 paullo
1673 494 1849 548 longius,

259 580 303 614 ut
334 572 399 613 vel
430 588 556 613 unum
577 572 821 614 conflaret-ur
850 587 898 612 ex
931 571 1210 626 ccunpluribus
1244 570 1452 612 vocabulis
1482 569 1546 610 vel
1569 574 1851 623 comparerent

261 659 381 686 voces
404 660 427 685 a
448 644 637 698 genuinis
666 644 798 700 specie
828 643 1005 684 multum
1036 642 1248 683 distantes.
1308 641 1589 683 Conflatorum
1620 640 1698 681 isto
1730 638 1851 680 modo

262 717 555 759 vocabulorum
576 716 764 772 exempla
785 716 827 756 in
848 721 1041 757 contextu
1062 714 1351 770 disputationis
1377 713 1651 764 invenientur,
1682 711 1849 753 alterius

264 789 377 830 illius
408 789 466 830 rei
497 795 652 829 cert-um
681 795 720 829 et
750 788 929 830 notabile
958 786 1194 842 exemplum
1225 786 1364 827 statim
1394 800 1632 841 proponam.

393 871 565 915 Contr.
597 870 741 913 VIIII.
773 872 908 920 2722.
940 886 978 926 p.
1009 870 1153 922 429‚6:
1188 873 1320 927 ipsum
1356 869 1661 925 7⁴yramiicidam
1690 868 1856 910 induxit

262 946 454 987 dicentem
486 953 522 986 et
552 944 714 995 cocorel)
745 959 842 985 usus
873 952 950 985 cst:
980 959 1057 984 ozon
1089 944 1245 984 iussemc
1281 959 1322 984 36
1360 959 1385 984 a
1419 951 1557 997 patre,
1599 943 1696 996 quia
1726 941 1857 983 aiebat

260 1017 499 1060 incredibile
529 1016 712 1058 omnibus
741 1015 879 1056 videri
896 1022 1060 1071 patrem
1094 1030 1231 1056 coram
1260 1022 1434 1070 tyr-(mozo
1465 1013 1584 1055 caedi
1607 1029 1649 1055 36
1677 1015 1856 1066 iussisse,

262 1089 335 1132 sed
378 1090 523 1131 iniisse
565 1104 607 1130 36
650 1087 908 1143 tyrannicidi
948 1087 1174 1138 consile‘mn,
1218 1096 1261 1128 ut
1294 1103 1377 1143 per
1420 1087 1493 1127 hoc
1537 1085 1594 1128 ad
1636 1088 1861 1128 amicitiam

254 1163 502 1220 pervenire&
547 1176 625 1217 per
671 1161 898 1201 amicitiam
947 1159 1004 1200 ad
1049 1159 1385 1214 tyranm'cidiwn.
1457 1156 1543 1200 Cur
1597 1158 1736 1200 omisit
1782 1158 1861 1200 hoc

266 1234 356 1276 loco
395 1232 677 1287 Kiesslingius
723 1231 883 1272 tristem
928 1231 1042 1272 illam
1089 1231 1276 1273 crucem?
1332 1232 1401 1272 An
1448 1231 1618 1287 putabat
1660 1230 1860 1273 offensam

265 1306 367 1347 haec
409 1304 567 1346 nullam
611 1303 788 1346 habere?
843 1303 901 1345 At
936 1310 1042 1345 recte
1085 1303 1168 1344 iam
1210 1294 1446 1345 Gronovius
1492 1303 1688 1345 mendum
1733 1304 1861 1345 sensit

268 1377 514 1434 scripsitque
561 1378 700 1434 patris
751 1376 951 1418 caedendi
998 1391 1071 1432 pro
1120 1376 1395 1433 tyraomae'cldz':
1454 1376 1531 1418 hoc
1575 1376 1685 1418 enim
1728 1377 1861 1433 primo

268 1451 357 1492 loco
397 1456 655 1507 praepostere
693 1449 788 1506 poni
827 1447 1090 1490 manifestum
1127 1454 1200 1489 est.
1261 1449 1412 1490 Nostra
1457 1454 1586 1491 aetate
1626 1448 1737 1490 aliud
1767 1464 1862 1505 pro-

269 1523 399 1564 latum
442 1527 504 1564 est
554 1522 789 1563 inventum:
833 1521 1083 1562 Konitzerus
1125 1521 1235 1562 enim
1277 1521 1376 1562 satis
1423 1521 1673 1563 confidenter
1713 1536 1862 1578 propo-

271 1595 390 1649 suit2)
421 1596 494 1637 sed
520 1596 663 1637 iniisse
692 1611 733 1636 36
762 1594 1020 1651 tyramzicidi
1047 1595 1259 1636 consiliam
1291 1593 1352 1646 (et
1377 1602 1536 1650 patrem
1568 1594 1792 1647 occidis-sa)
1822 1605 1865 1637 uf

267 1685 344 1726 per
373 1669 447 1710 hoc
476 1684 571 1724 eqs,
606 1693 651 1696 ---‡
687 1666 796 1721 quod
826 1666 997 1722 probare
1027 1680 1184 1720 nequeo
1214 1666 1265 1707 ob
1295 1665 1337 1706 id
1363 1666 1553 1717 maxime,
1584 1666 1690 1721 quod
1722 1667 1864 1709 incon-

274 1741 395 1782 cinna
424 1741 472 1781 fit
500 1746 540 1781 et
570 1739 830 1781 delumbatur
859 1738 1171 1791 argumentatio.
1231 1738 1321 1793 Ego
1350 1753 1433 1779 non
1464 1738 1618 1791 dubito,
1649 1739 1749 1793 quin
1779 1754 1866 1781 rem

272 1813 440 1868 quidem
483 1827 558 1854 acu
595 1812 772 1866 tetigerit
801 1810 1058 1864 Gronovius,
1105 1811 1146 1852 in
1193 1811 1491 1853 constituendis
1549 1817 1684 1853 autem
1732 1812 1866 1854 verbis

274 1901 418 1942 parum
451 1884 717 1941 probabiliter
747 1890 934 1925 versatus
964 1884 1027 1925 sit.
1088 1883 1260 1935 Vereor,
1292 1899 1342 1924 ne
1373 1884 1612 1926 temeritatis
1642 1899 1667 1925 a
1695 1884 1866 1939 quibus-

275 1959 368 1999 dam
398 1973 559 2012 arguar,
591 1963 727 1998 tamen
757 1956 918 1998 affirmo
950 1956 1073 1998 scribi
1104 1956 1268 1998 debere:
1312 1956 1385 1997 secl
1429 1958 1567 1998 iniisse
1610 1973 1652 1998 36
1684 1959 1864 2014 parri-

275 2031 354 2073 oid
364 2032 383 2072 i
409 2031 634 2083 consilium,
665 2038 708 2070 ut
731 2045 810 2086 per
839 2013 1167 2070 hoc'ssmnz'ez'tz‘aon
1193 2031 1435 2085 perveniret,
1457 2045 1540 2086 per
1565 2031 1793 2071 amicitiam
1813 2029 1871 2071 ad

276 2102 610 2160 tyrannicidium.
676 2100 773 2142 Filii
802 2101 961 2143 facinus
989 2101 1151 2157 saepius
1177 2100 1221 2141 in
1248 2100 1325 2142 hac
1345 2101 1622 2143 controversia
1641 2101 1871 2159 appellatur

270 2175 573 2233 parricidiuwn
604 2173 675 2215 cfr.
706 2173 910 2230 imprimis
941 2173 963 2226 ξ
996 2175 1020 2215 6
1050 2173 1179 2225 Quid?
1205 2182 1246 2215 ta
1276 2174 1598 2230 tyrannicidium
1613 2174 1764 2231 facere
1791 2189 1871 2216 own

270 2257 403 2306 potes,
433 2248 522 2288 wisi
549 2248 591 2289 in
602 2246 844 2304 parricidio
866 2248 1098 2288 eoeercucris
1118 2248 1287 2288 manus?
1343 2243 1566 2287 Substituit
1584 2246 1710 2300 igitur
1739 2245 1872 2288 scriba

280 2318 541 2371 vocabulum,
573 2318 682 2374 quod
713 2318 757 2359 in
786 2318 863 2359 hac
902 2324 987 2359 tota
1029 2318 1307 2360 controversia
1350 2318 1680 2373 frequentissime
1722 2318 1872 2373 legitur

279 2397 318 2433 et
348 2391 413 2432 vel
433 2391 477 2432 in
506 2390 584 2432 hoc
613 2390 704 2447 ipso
734 2390 945 2431 enuntiato
975 2390 1170 2441 occurrit,
1202 2405 1275 2446 pro
1305 2390 1502 2432 vocabulo
1531 2390 1669 2445 aliqua
1687 2405 1739 2432 ex
1758 2395 1873 2446 parte

286 2463 425 2515 simili,
456 2469 636 2505 ceterum
667 2462 765 2503 satis
795 2461 1041 2515 dissimili.3)

416 2594 638 2639 1)Flagitat‚
678 2594 715 2628 ni
753 2593 871 2633 fallor,
914 2594 1071 2629 Senecae
1112 2595 1349 2633 consuetudo,
1390 2598 1431 2628 ut
1477 2593 1656 2629 scribatur
1686 2599 1717 2630 et
1748 2593 1873 2640 (hoc)

282 2649 396 2686 colore
420 2661 503 2685 usus
528 2655 587 2685 est.

416 2705 441 2749 ²)
466 2705 708 2751 quaestiones
734 2706 770 2740 in
795 2707 878 2742 Sen.
902 2710 995 2750 patr.
1021 2707 1099 2740 crit.
1123 2717 1155 2750 p.
1180 2708 1232 2744 34.

417 2772 441 2816 3)
466 2772 652 2807 Eiusmodi
677 2783 800 2807 errore
825 2783 897 2808 non
920 2776 1109 2816 perspecto
1134 2772 1383 2817 Kiesslingius
1407 2773 1546 2807 Contr
1580 2772 1605 2809 I.
1631 2774 1695 2812 3‚8.
1719 2782 1750 2815 p.
1775 2773 1875 2814 98,10

286 2827 411 2862 edidit:
437 2830 468 2863 si
489 2827 669 2863 voluntate
692 2839 897 2875 superorum
934 2834 1074 2864 seri-ata
1112 2833 1173 2869 est,
1211 2840 1258 2863 cm
1293 2829 1329 2863 iv
1365 2828 1439 2871 hoe,
1468 2834 1506 2863 ut
1535 2827 1711 2864 madelme
1728 2828 1874 2874 periret.
