2025 3131
899 77 1174 120 ,42-

245 202 341 245 Meo
370 201 521 243 iudicio
552 206 665 257 pater
693 200 825 241 filium
855 200 898 241 in
928 200 1057 242 aciem
1086 200 1197 242 exire
1227 200 1433 242 volentem
1468 214 1562 241 cum
1602 199 1697 241 fletu
1729 201 1824 242 reti-

252 289 354 317 nens
397 273 503 315 nihil
546 272 657 314 aliud
693 272 791 314 dicit
820 272 899 313 nisi
932 272 1020 326 hoc,
1065 272 1301 313 detestabile
1345 287 1461 313 omen
1510 286 1612 323 esse,
1660 272 1694 312 si
1734 273 1825 326 quis

243 362 268 388 a
290 347 411 388 flente
440 346 680 387 dimittatur.
739 343 879 396 Quare
900 345 1050 386 scribo:
1083 343 1158 386 οὐκ
1177 344 1292 386 ἔστιν
1313 346 1710 386 ΕΥΟΙΩΝΙΣΊὈΝ
1735 342 1822 385 ὑπὸ

242 419 461 467 κλαίοντος
490 419 843 474 προπέμπεσθαι.
862 416 898 469 1)

374 489 542 533 Contr.
573 488 806 541 Π.11,23.
829 504 867 544 p.
891 477 1037 539 l93,lO
1067 487 1307 528 Artemonis
1339 486 1584 528 sententiam
1614 487 1829 540 ingeniose

241 563 471 605 Bursianus
493 567 532 604 et
553 560 735 602 Haasius
756 560 1020 602 restituerunt
1042 559 1119 601 hoc
1139 558 1277 602 modo:
1309 560 1417 612 λέγε,
1452 564 1492 601 τί
1523 571 1591 601 σοι
1611 558 1722 615 πρὸς
1748 558 1830 601 τόν

242 639 408 692 πατέρα
450 636 521 689 τῆς
578 634 849 690 ἐφθαρμένης
892 630 1256 689 συμπεφώνηται,-
1306 632 1422 685 λέγε,
1465 634 1561 682 πῶς
1604 634 1831 683 πέπεικας,·

242 709 426 760 σιωπᾷς,-
456 707 588 764 φωρᾷ.
638 704 732 747 Hoc
762 720 890 746 unum
929 719 1074 745 moneo
1107 719 1188 745 non
1224 704 1322 744 satis
1359 710 1475 745 caute
1503 720 1553 746 ex
1584 703 1700 746 codd.
1729 703 1830 745 scri-

241 786 361 836 ptura
389 777 848 822 CYMTIOEQNVKEG
876 776 935 828 (A
953 790 961 817 ε
980 776 1508 828 ΑΥΜΤΙΦΩΝΠΚΕΟΤ)
1535 775 1723 817 effectum
1744 790 1831 817 esse

242 853 757 899 ΣΥΜΠΕΦΩΝΗΤΑΙ,
810 863 903 890 cum
957 847 1092 904 potius
1143 847 1274 889 subsit
1317 851 1832 899 ΣΥΆΙΠΕΦΩΝΗΚΛΣς

249 923 358 979 quod
389 923 584 978 quoniam
613 922 735 963 etiam
758 920 940 976 sequenti
964 923 1171 969 πέπεικας
1192 920 1294 961 bene
1310 919 1541 976 respondet,
1563 920 1645 961 iam
1665 925 1832 976 apparet

244 996 457 1052 deceptum
488 1009 577 1036 esse
606 994 860 1035 Bursianum
889 992 1215 1034 antecedentium
1254 992 1482 1034 litterarum
1517 993 1660 1034 IIC'OI
1700 991 1832 1048 specie

248 1068 480 1122 rectiusque
511 1066 757 1123 scripturum
801 1064 929 1106 fuisse
973 1068 1114 1106 ΠΩΣ.
1180 1064 1385 1105 Tenemus
1430 1064 1537 1105 enim
1582 1063 1833 1120 anaphoram

247 1141 348 1182 satis
378 1140 654 1196 perspicuam:
699 1139 808 1191 λέγε,
837 1139 915 1180 πῶ
930 1154 949 1186 ς
992 1136 1102 1193 πρὸς
1145 1136 1224 1179 τὸν
1269 1140 1435 1194 πατέρα
1464 1138 1535 1192 τῆς
1564 1137 1835 1194 ἐφθαρμένης

244 1211 692 1270 συμπεφώνηκας,
721 1211 830 1264 λέγε,
859 1212 956 1259 πῶς
985 1213 1211 1262 πέπεικας,-

381 1284 604 1327 Graviores
635 1283 898 1325 difficultates
928 1282 1094 1339 praebet
1136 1281 1186 1322 in
1230 1280 1397 1322 eadem
1439 1281 1463 1335 ξ
1508 1281 1574 1323 23.
1614 1296 1651 1337 p.
1686 1280 1834 1327 193,17

246 1357 447 1400 sententia
484 1356 642 1398 Dioclis
679 1353 876 1410 Carystii.
922 1353 1204 1407 Kiesslingius
1249 1359 1413 1395 auctore
1450 1353 1655 1395 Bursiano
1704 1352 1832 1394 edidit

244 1430 362 1473 haec:
412 1431 580 1471 Diocles
608 1429 822 1486 Carystius
852 1445 877 1469 a
909 1435 1032 1484 parte
1065 1427 1208 1484 patris
1253 1427 1402 1467 ethicos
1434 1426 1560 1467 de'oec'f:
1609 1423 1704 1478 ,ἐγώ
1755 1424 1833 1468 οὗν

246 1500 502 1554 ἇποθάνωξ
531 1500 656 1543 θάνε.
687 1503 746 1550 εἷς
774 1503 816 1541 τί
847 1498 926 1556 γὰρ
960 1498 1156 1555 ἣρπαζες,·
1191 1499 1249 1548 εἷς
1278 1502 1319 1539 τί
1348 1497 1429 1555 γὰρ
1459 1502 1670 1551 ΕΟΕΟῩ,
1705 1500 1763 1548 εἷς
1791 1502 1832 1540 τί

245 1573 327 1631 γὰρ
356 1575 557 1629 ἕμαίνου,
598 1572 726 1615 Vides
756 1572 894 1628 ipsum
924 1571 1128 1612 indicasse
1164 1585 1290 1612 unam
1333 1577 1442 1612 certe
1478 1585 1621 1612 vocem
1650 1570 1834 1612 nondum

248 1652 506 1703 persanatam
536 1660 643 1698 esse3
674 1644 776 1686 mihi
808 1659 859 1685 ne
890 1643 1102 1697 sequentia
1132 1642 1297 1697 quidem
1338 1657 1439 1683 sana
1467 1643 1671 1684 videntur.
1729 1642 1836 1684 Filio

248 1720 420 1761 instanti
451 1725 492 1761 et
520 1718 683 1773 urgenti
727 1724 767 1759 et
810 1717 861 1758 ad
904 1724 1133 1758 extremum
1172 1715 1441 1769 interroganti
1485 1730 1594 1769 ,ergo
1629 1715 1735 1757 mori
1771 1730 1837 1757 me

249 1792 352 1834 visP‘
383 1798 497 1848 pater
529 1789 747 1848 respondet
785 1804 897 1842 ,sane
926 1787 1115 1830 morerel‘
1159 1787 1322 1843 iamque
1351 1788 1438 1844 ipse
1467 1788 1600 1830 filium
1629 1794 1748 1841 urget
1777 1794 1837 1829 ter

249 1864 549 1918 interrogando,
594 1879 666 1905 cur
697 1864 828 1905 scelus
867 1863 970 1904 illud
1000 1863 1276 1915 commiserit3
1323 1888 1373 1891 —
1419 1863 1534 1905 cuius
1579 1847 1637 1903 rei
1680 1867 1838 1903 certum

250 1936 448 1979 indicium
478 1942 539 1977 est
567 1936 717 1992 triplex
756 1938 814 1985 εἷς
843 1939 885 1976 τί
913 1935 1004 1992 γάρ.
1065 1935 1153 1976 Iam
1183 1951 1279 1977 vero
1310 1950 1429 1976 nemo
1475 1921 1709 1987 dubitabit,⁵
1736 1933 1837 1988 quin

252 2009 384 2064 piimo
414 2008 503 2050 loco
533 2014 640 2050 recte
662 2007 950 2050 emendatum
946 2008 998 2049 it
1028 2006 1203 2064 ἥρπαζες
1225 2007 1360 2060 (codd.
1381 2008 1534 2049 habent
1554 2006 1837 2056 EPHAZEO,

253 2082 321 2124 A:
339 2080 675 2135 EPEJIAZECQ)
721 2081 986 2136 anquiremus
1030 2081 1156 2135 igitui
1201 2081 1281 2121 duo
1326 2081 1462 2135 verba,
1507 2094 1611 2134 quae
1653 2078 1714 2120 illi
1743 2093 1838 2120 cum

251 2154 428 2209 quadam
458 2154 499 2195 vi
530 2154 749 2210 superponi
780 2154 951 2210 possint.
1025 2154 1165 2208 Atque
1203 2153 1278 2194 sub
1318 2156 1511 2195 EOEOY
1548 2151 1614 2194 vel
1657 2151 1845 2194 EOEOY

255 2265 405 2310 σκάφοςε
436 2266 582 2307 poterat
604 2264 680 2298 fere
711 2264 893 2309 integrum
917 2273 1116 2308 agnosceie
1146 2259 1363 2310 ταχεινόν,
1394 2262 1463 2305 vel,
1494 2263 1525 2297 si
1553 2262 1642 2296 haec
1665 2262 1782 2296 forma
1805 2261 1839 2296 ei

255 2320 511 2364 displicuisset,
526 2340 561 2344 —
583 2320 723 2354 dubit-at
747 2321 841 2355 enim
866 2320 909 2355 de
934 2330 977 2355 ea
1000 2319 1203 2355 Lobeckius
1228 2319 1361 2363 pathol.
1387 2329 1491 2354 serm.
1517 2319 1581 2354 Gr.
1605 2318 1693 2362 prol.
1715 2329 1747 2362 p.
1764 2320 1838 2362 190,

251 2395 295 2400 —-
319 2375 418 2410 certe
443 2376 600 2410 scribere
625 2377 806 2424 ταχινόν.

388 2430 409 2474 ¹)
433 2431 478 2465 In
507 2434 669 2466 extrema
698 2431 764 2466 hac
798 2431 876 2475 ipsa
911 2430 932 2476 ξ
959 2434 999 2469 16
1033 2431 1078 2465 in
1108 2430 1301 2465 confinio
1333 2440 1396 2473 pp.
1428 2431 1491 2468 138
1521 2432 1565 2464 et
1596 2430 1659 2467 139
1688 2429 1839 2464 affertur

253 2486 394 2521 Graeca
429 2488 611 2521 sententia
646 2487 818 2521 Dorionis
855 2487 1043 2526 ,attonitos
1078 2487 1193 2530 patris
1229 2486 1394 2520 adfectus
1430 2485 1672 2529 exprimentis‘
1706 2486 1838 2521 misere

252 2546 421 2586 corrupta
442 2553 592 2586 meoque
616 2542 744 2578 iudicio
769 2553 939 2588 magnam
962 2546 1102 2587 partem
1125 2544 1281 2578 nondum
1307 2543 1507 2578 emendata.
1552 2543 1766 2587 Antiquitus
1791 2542 1838 2577 ibi

252 2598 375 2632 edunt:
403 2599 582 2645 φοβοῦμαι
607 2600 686 2647 περὶ
710 2598 765 2641 τῆς
789 2600 1001 2645 οἰκουμένης,
1018 2618 1062 2623 -
1086 2601 1124 2632 et
1145 2601 1267 2632 tamen
1290 2597 1374 2641 quid
1396 2597 1553 2641 ineptius
1578 2608 1684 2640 quam
1708 2597 1838 2633 timere

252 2653 345 2688 hunc
368 2656 508 2697 patrem
533 2654 576 2688 de
601 2654 684 2689 orbe
707 2653 917 2689 terrarum?
951 2659 1246 2688 OIKOYMENE
1276 2653 1369 2696 quod
1398 2654 1496 2688 codd.
1523 2653 1667 2698 habent,
1696 2653 1840 2689 videtur

253 2719 334 2744 esse
355 2715 662 2753 01K01MENE;
685 2712 763 2744 tum
792 2720 879 2745 sane
907 2710 1140 2745 manifestum
1160 2712 1217 2744 est
1239 2712 1324 2753 post
1340 2710 1520 2757 φοβοῦμαι
1539 2711 1617 2759 περὶ
1635 2711 1690 2755 τῆς
1706 2711 1838 2755 aliquid

254 2765 441 2809 excidisse,
474 2766 662 2810 possisque
690 2765 926 2810 probabiliter
954 2767 1115 2801 inserere
1145 2770 1348 2801 ΤΥΧΗΣ.
1393 2765 1450 2800 De
1473 2766 1620 2810 reliquis
1649 2767 1725 2811 ipse
1748 2767 1838 2802 nihil

254 2821 427 2856 extricavi
452 2821 598 2866 dignum
623 2825 911 2857 commemoratu.
