2025 3131
1059 526 1113 588 Ι.

437 672 546 715 Cum
575 687 625 714 ex
654 672 705 713 iis
735 686 838 726 quae
869 686 994 727 supra
1023 669 1288 726 exposuimus
1319 675 1466 725 pateat,
1514 670 1547 710 si
1592 670 1685 725 quis
1714 670 1887 712 alicuius

301 745 457 800 antiqui
490 743 698 801 scriptoris
729 758 851 798 opera
881 743 947 783 via
976 748 1015 783 et
1044 740 1202 782 ratione
1245 740 1296 781 ad
1326 741 1547 795 genuinam
1575 741 1750 783 formam
1779 742 1887 785 redi-

301 832 395 871 gere
424 817 607 858 animum
636 815 854 866 induxerit,
886 829 992 866 eum,
1026 818 1068 853 ut
1090 827 1164 854 suo
1185 812 1366 867 quidque
1394 813 1560 855 modulo
1581 813 1715 854 metiri
1745 813 1887 870 possit,

302 890 425 931 etiam
454 889 497 930 in
527 888 744 929 hominum
789 902 941 938 eorum,
988 886 1057 940 qui
1102 884 1350 941 exemplaria
1385 884 1548 927 favente
1577 885 1741 927 fortuna
1768 885 1889 928 nobis

303 967 465 1003 servata
495 960 744 1014 testiumque
773 958 907 1000 vicem
937 956 1180 999 excutienda
1209 956 1476 1009 confecerint,
1508 963 1696 999 naturam
1725 963 1764 999 et
1793 972 1890 999 con-

304 1033 561 1075 suetudinem
591 1030 890 1087 quodammodo
929 1029 1137 1071 insinuare
1168 1043 1255 1070 sese
1285 1028 1452 1081 debere,
1498 1044 1574 1072 nos
1619 1043 1779 1084 quoque
1808 1028 1892 1070 dis-

307 1105 478 1162 putandi
508 1104 671 1146 initium
702 1108 793 1159 apte
823 1101 1031 1158 capiemus
1061 1115 1085 1141 a
1115 1100 1402 1157 perpendenda
1428 1107 1467 1142 et
1496 1100 1708 1143 tractanda
1731 1100 1894 1142 funesta

306 1178 480 1234 quadam
510 1175 772 1219 librariorum
795 1172 1101 1225 consuetudine,
1134 1187 1237 1227 quae
1265 1173 1308 1214 in
1338 1172 1603 1214 emendandis
1629 1173 1694 1214 his
1717 1171 1894 1215 Senecae

304 1250 421 1292 libris
452 1265 535 1291 non
565 1249 735 1304 impune
764 1246 1005 1301 neglegitur.
1068 1243 1263 1287 Cernitur
1309 1260 1356 1286 ea
1398 1245 1442 1286 in
1490 1245 1553 1287 bis
1590 1244 1805 1287 exarandis
1835 1245 1894 1286 eis

307 1338 409 1378 quae
454 1320 579 1362 semel
624 1318 828 1361 exaranda
873 1324 1000 1370 erant,
1045 1317 1194 1372 quibus
1240 1316 1539 1373 dittographiis,
1583 1317 1822 1373 praesertim
1859 1316 1894 1357 si

307 1393 492 1451 pauculis
536 1391 683 1433 litteris
721 1391 992 1441 continentur,
1038 1403 1349 1443 nonnumquam
1379 1389 1568 1430 effectum
1597 1394 1675 1441 est,
1720 1395 1766 1430 ut
1795 1389 1895 1431 scri-

308 1466 437 1522 ptoris
464 1465 589 1506 verba
618 1463 755 1520 paullo
777 1463 869 1519 plus
891 1462 1014 1504 etiam
1044 1462 1370 1503 obscurarentur.
1432 1460 1554 1504 Cadit
1582 1462 1660 1503 hoc
1687 1476 1780 1503 mea
1808 1461 1896 1517 opi-

308 1539 430 1580 nione
458 1538 502 1579 in
533 1536 706 1579 Contr.
737 1535 770 1577 I.
801 1535 867 1588 2,8
898 1550 937 1591 p.
965 1534 1104 1586 85‚12:
1137 1535 1267 1576 omnis
1287 1534 1459 1576 sordida
1478 1536 1759 1591 iniuriosaque
1779 1535 1899 1576 turba

310 1613 385 1653 huc
417 1609 493 1663 (sc.
525 1609 568 1650 in
598 1606 790 1664 lupanar)
822 1608 968 1664 influit,
1001 1623 1070 1648 nec
1101 1607 1316 1662 quisquam
1346 1623 1389 1649 eo
1418 1616 1461 1648 ut
1491 1607 1642 1649 iudicet
1670 1608 1788 1648 venit.
1834 1605 1899 1647 De

312 1682 532 1725 indicando
577 1680 644 1722 hic
687 1679 752 1734 agi
797 1694 878 1721 non
924 1693 1044 1735 posse
1073 1677 1175 1719 ratio
1205 1677 1354 1719 clamat
1384 1678 1591 1733 sensitque
1621 1677 1690 1720 W.
1720 1677 1897 1720 Muelle-

311 1770 401 1805 rus;
433 1754 503 1809 qui
524 1759 660 1795 tamen
682 1752 789 1808 quod
819 1752 1030 1808 proposuit
1052 1761 1086 1794 te
1116 1752 1304 1804 vindicet,
1334 1766 1479 1792 verum
1497 1750 1707 1792 invenisse
1727 1750 1795 1791 vix
1823 1766 1898 1805 pu-

312 1826 459 1868 tandus
504 1833 581 1868 est:
630 1825 819 1866 videntur
858 1824 968 1866 enim
1012 1824 1083 1865 illa
1126 1824 1258 1878 magis
1288 1823 1330 1864 in
1360 1823 1601 1864 universum
1629 1821 1898 1879 pronuntiari,

313 1898 567 1953 dixissetque
599 1897 775 1950 Cestius,
820 1897 864 1938 ni
899 1896 1032 1948 fallor,
1079 1901 1186 1938 certe
1232 1893 1393 1950 ,veniet‘
1438 1894 1503 1935 vel
1550 1894 1679 1947 ,facile
1715 1893 1900 1936 venerit.‘

318 1970 445 2023 Quod
488 1970 769 2024 Kiesslingius
814 1976 950 2011 autem
988 1969 1032 2010 in
1068 1968 1328 2010 adnotatione
1365 1966 1581 2022 temptavit
1615 1975 1658 2008 ut
1689 1966 1901 2024 pudic(am

318 2044 500 2100 quaeda&
530 2042 816 2099 probabilitate
836 2041 956 2097 plane
982 2047 1103 2083 caret.
1146 2039 1419 2083 Scribendum
1447 2045 1564 2096 puto:
1594 2056 1666 2082 nec
1687 2041 1902 2096 quisquam

318 2132 360 2158 eo
389 2124 439 2157 ut
469 2116 609 2158 decet
638 2117 756 2157 venit.
815 2113 979 2155 Erroris
1010 2115 1123 2168 origo
1153 2119 1248 2154 ante
1277 2113 1415 2154 oculos
1435 2112 1566 2168 posita
1597 2117 1658 2153 est
1678 2125 1905 2166 moneoque

319 2188 442 2230 etiam
471 2203 510 2244 p.
540 2188 692 2239 220,17
742 2201 792 2227 ex
840 2185 955 2227 codd.
1001 2185 1080 2226 AB
1128 2184 1299 2226 lectione
1344 2185 1478 2226 dicere
1524 2190 1633 2226 certa
1675 2183 1906 2226 coniectura

321 2260 510 2302 effectum
539 2273 628 2300 esse
658 2259 809 2300 decere.

455 2330 537 2373 Sed
566 2337 611 2371 ut
640 2345 871 2387 pergamus,
903 2330 1003 2371 tales
1034 2328 1354 2384 dittographiae,
1385 2329 1428 2369 in
1461 2328 1610 2383 quibus
1639 2328 1813 2370 alterum
1844 2327 1906 2369 al-

323 2404 399 2445 teri
429 2403 703 2455 continuatur,
733 2403 817 2445 fere
846 2403 889 2443 in
920 2402 1110 2443 omnibus
1141 2400 1347 2443 codicibus
1368 2401 1603 2456 frequenter
1621 2400 1905 2443 inveniuntur:

324 2477 367 2518 in
397 2477 469 2529 eis,
501 2476 550 2518 de
580 2476 729 2531 quibus
758 2489 870 2516 nunc
898 2490 972 2516 nos
1003 2474 1176 2529 agimus,
1207 2474 1285 2516 hoc
1314 2489 1443 2527 genus
1473 2474 1603 2515 multo
1633 2473 1755 2515 latius
1784 2478 1907 2529 patet.

327 2547 457 2605 Saepe
486 2549 595 2590 enim
625 2548 695 2603 qui
725 2548 860 2604 ipsum
890 2547 1076 2589 codicum
1105 2552 1338 2588 nostrorum
1368 2546 1618 2603 archetypon
1638 2544 1823 2587 exaravit
1842 2544 1909 2586 vel

330 2620 516 2677 quisquis
548 2626 640 2662 ante
671 2635 762 2662 eum
794 2620 952 2676 primus
982 2619 1065 2660 illis
1096 2618 1195 2660 locis
1226 2618 1473 2669 dormitavit,
1504 2618 1693 2674 delapsus
1714 2617 1765 2658 ad
1786 2617 1911 2659 verba

331 2693 512 2748 quolibet
542 2692 671 2748 spatio
701 2692 910 2733 interiecto
941 2691 1006 2733 vel
1036 2690 1292 2746 insequentia
1320 2690 1384 2731 vel
1418 2689 1698 2746 praecedentia
1740 2689 1910 2730 vitiosas

330 2765 537 2808 commisit
557 2764 829 2821 repetitiones,
851 2779 952 2819 quas
973 2764 1075 2820 ipse,
1107 2763 1194 2804 sive
1222 2777 1399 2804 errorem
1424 2762 1591 2804 omnino
1617 2777 1701 2804 non
1727 2759 1910 2803 animad-

335 2838 459 2880 vertit
489 2837 575 2878 sive
605 2836 849 2893 exemplaris
879 2835 1000 2878 nitori
1030 2835 1154 2876 nimis
1183 2834 1302 2876 anxie
1346 2834 1563 2884 consuluit,
1605 2849 1689 2876 non
1732 2832 1910 2875 sustulit.
