2025 3131
326 258 514 300 notitiam
546 259 618 301 uni
649 258 827 302 Senecae
857 260 1070 314 debemus,
1101 277 1183 304 non
1213 261 1458 318 composuit,
1495 261 1593 303 dum
1623 262 1711 319 ipse
1739 261 1912 305 Germa-

323 331 443 372 nicus
474 329 687 372 Oceanum
717 332 938 386 navigan&
997 332 1084 376 Cfr.
1115 349 1154 391 p.
1175 333 1327 385 409,25
1358 333 1467 375 dzzm't
1495 335 1539 375 in
1568 335 1825 387 Flaminino,
1857 336 1912 377 si-

322 403 555 458 militerque
583 419 623 459 p.
654 403 790 456 411‚5.
822 405 987 457 507,14‚
1018 430 1070 435 —
1100 406 1241 461 Atque
1270 405 1407 447 nescio
1437 421 1488 447 an
1520 406 1642 448 etiam
1672 405 1847 449 Contr.
1878 406 1912 448 I.

322 475 430 529 7,l4.
462 491 501 531 p.
536 475 684 528 127,15
727 485 763 518 et
806 477 969 530 adiecit,
1017 478 1125 534 quod
1167 479 1299 520 aiebat
1334 488 1602 535 praeceptore
1645 495 1716 521 suo
1761 479 1915 521 dicente

323 564 483 589 summa
521 565 610 590 cum
649 548 924 592 admiratione
960 560 1186 608 eaffceptum,
1226 550 1334 592 illud
1366 551 1540 592 Homeri
1570 551 1737 592 Priamo
1776 560 1915 608 aptum

324 636 424 675 εφη,
463 619 504 661 in
550 634 631 674 quo
677 620 759 661 iam
805 619 874 662 W.
917 620 1146 663 Muellerus
1190 622 1332 674 haesit,
1377 622 1673 664 restituendum
1709 623 1777 664 sit:
1809 623 1917 666 illud

326 692 501 734 Homeri
527 692 606 745 (in)
637 694 807 735 Priamo
838 694 868 735 d
878 695 1036 736 ictum.

459 785 585 829 Suas
614 787 666 829 V.
693 789 732 829 2.
756 803 793 844 p.
816 788 959 840 3122:
981 790 1095 830 Haec
1126 805 1193 846 ‘³90
1215 798 1383 845 tropaea
1413 789 1462 830 de
1488 787 1556 841 (te)
1576 790 1714 846 posui,
1743 790 1842 831 haee
1870 791 1915 832 in

326 861 447 901 totius
477 868 690 917 conspectu
719 860 920 902 Graeciae
948 862 1084 912 statui,
1113 877 1162 902 we
1193 863 1284 916 quis
1311 862 1466 902 timeret
1486 861 1664 902 Xerwem
1684 863 1913 904 minantem.

326 929 527 973 Codicum
571 932 772 988 scriptura
816 933 865 975 de
885 935 1018 991 posui
1042 932 1161 974 nihili
1190 939 1264 985 est,
1296 933 1477 990 deposui,
1522 932 1631 987 quod
1669 933 1915 987 quibusdam

325 1003 549 1046 editoribus
593 1004 758 1061 placuit,
808 1011 1008 1061 repugnat
1055 1004 1284 1046 Latinitati.
1357 1003 1497 1056 Quare
1541 1004 1822 1058 Kiesslingius
1865 1005 1915 1047 de

326 1076 458 1132 ipsius
488 1076 721 1119 coniectura
750 1077 924 1118 inseruit
952 1087 1009 1129 τες
1042 1077 1111 1118 sed
1147 1077 1258 1118 idem
1292 1077 1417 1133 praef.
1464 1093 1502 1133 p.
1548 1077 1638 1119 XII
1681 1077 1919 1135 παλινῳδεῖ

325 1148 403 1190 1100
431 1149 572 1192 modo:
604 1165 727 1202 ,nunc
746 1165 811 1191 me
831 1150 1010 1206 paenitet
1036 1149 1145 1205 quod
1166 1150 1440 1192 coniecturam
1466 1149 1652 1191 fallacem
1676 1150 1724 1192 de
1746 1159 1781 1192 te
1788 1152 1919 1208 posui

325 1220 574 1262 certissimae
592 1221 842 1275 Schultingii
860 1222 1147 1264 emendationi:
1164 1223 1255 1264 ideo
1267 1222 1600 1280 posuipraetuli.‘
1621 1221 1915 1264 Verumtamen

326 1293 552 1334 ferventius
583 1294 717 1348 egisse
745 1294 848 1335 mihi
879 1294 1059 1337 videtur:
1082 1295 1253 1347 etenim,
1285 1300 1331 1335 ut
1352 1294 1460 1353 quod
1481 1295 1569 1351 ipse
1590 1295 1801 1351 proposuit
1819 1294 1916 1336 ferri

324 1366 468 1420 nequit
513 1366 612 1419 (non
657 1366 781 1408 habet
821 1366 926 1407 illud
969 1376 1004 1408 te
1048 1381 1128 1422 quo
1173 1366 1405 1420 referatur),
1450 1367 1507 1408 ita
1547 1365 1793 1422 Schultingii
1824 1367 1916 1410 ideo

327 1444 465 1494 aperte
494 1438 645 1479 falsum
675 1445 889 1495 propterea
918 1445 1001 1491 est,
1039 1439 1148 1494 quod
1177 1439 1416 1495 pessumdat
1446 1439 1690 1481 rhetoricam
1720 1439 1915 1482 orationis

326 1511 701 1554 conformationem.
760 1511 978 1554 Habemus
1009 1510 1250 1570 ἀναφορὰν,
1287 1527 1411 1568 quam
1449 1512 1705 1566 grammatici
1747 1517 1916 1565 vocant3

324 1582 425 1625 haec
453 1583 622 1639 flagitat,
653 1591 698 1626 ut
727 1590 797 1626 aut
826 1590 1000 1640 utroque
1028 1591 1099 1626 aut
1128 1591 1273 1627 neutro
1303 1585 1392 1626 loco
1422 1591 1598 1640 ponatur
1627 1585 1730 1628 ideo.
1782 1584 1916 1626 Immo

325 1661 479 1697 rectam
532 1657 643 1698 viam
694 1657 905 1712 ingressus
949 1663 1011 1699 est
1060 1657 1354 1712 KiesslingiUS,
1399 1663 1461 1698 est
1503 1662 1638 1698 autem
1686 1656 1814 1699 oratio
1862 1656 1919 1698 ita

324 1728 598 1773 resarcienda:
629 1731 727 1772 haec
757 1747 824 1788 eyo
855 1740 1024 1788 tropaea
1055 1731 1103 1771 de
1134 1729 1346 1782 (Persis)
1367 1731 1499 1787 posui
1524 1746 1602 1786 eqs.

458 1823 593 1867 Suas.
625 1826 723 1867 VII.
755 1827 791 1868 8.
824 1842 863 1883 p.
892 1827 1006 1881 53,4:
1039 1827 1179 1868 Arelli
1213 1827 1345 1868 Fusci
1360 1827 1515 1884 patris.
1587 1825 1732 1877 Quoad
1775 1826 1918 1867 liuma-

324 1915 419 1940 mcm
444 1915 570 1955 yerms
599 1900 797 1941 incolume
826 1900 1036 1953 manserit,
1069 1932 1077 1940 .
1111 1932 1119 1940 .
1153 1932 1161 1940 .
1193 1898 1436 1940 admirabile
1464 1899 1645 1956 posteris
1682 1898 1827 1956 viqebit
1854 1899 1919 1940 in-

320 1972 483 2028 yem'um
520 1981 555 2013 et
590 1988 669 2013 mio
702 1973 966 2028 proscriptus
1004 1973 1164 2013 saeculo
1194 1972 1434 2028 proscribes
1469 1971 1694 2013 Antonium
1724 1971 1916 2013 omnibus.

323 2043 516 2085 Demiror
546 2044 755 2086 neminem
787 2044 965 2085 sensisse
996 2050 1089 2100 post
1118 2045 1323 2101 inqem'um
1343 2042 1642 2085 restituendum
1663 2052 1916 2095 essetecum,

328 2115 438 2171 quod
468 2116 536 2158 hic
566 2132 649 2158 non
679 2117 818 2158 minus
847 2116 1125 2158 necessarium
1158 2121 1220 2158 est
1249 2131 1373 2171 quam
1404 2115 1511 2157 infra
1541 2131 1580 2157 v.
1614 2116 1677 2158 19.

456 2210 625 2253 Contr.
656 2211 690 2252 I.
721 2212 832 2263 2‚10.
865 2227 904 2267 p.
935 2212 1059 2263 86,15
1102 2227 1183 2253 11011
1229 2226 1399 2267 possum
1428 2226 1452 2252 a
1480 2227 1546 2253 me
1588 2211 1828 2267 impetrare,
1873 2216 1918 2252 ut

325 2283 552 2339 adstipuler
581 2283 800 2336 Bursiano,
847 2283 931 2338 qui,
977 2298 1070 2324 cum
1115 2283 1210 2325 libri
1241 2283 1479 2325 exhibeant:
1524 2285 1825 2342 castiqationem
1867 2300 1918 2325 ex

317 2357 527 2413 pontificis
550 2357 729 2398 maoeimi
742 2366 943 2398 meruerat
959 2356 1164 2407 sacerdos,
1194 2357 1235 2397 si
1261 2365 1295 2397 te
1317 2372 1335 2397 e
1359 2357 1559 2414 lupanari
1574 2356 1818 2407 redemisset,
1848 2370 1917 2396 ex-

325 2443 507 2484 pungere
536 2442 612 2469 nos
642 2427 755 2469 iubet
784 2428 974 2470 voculam
1011 2444 1071 2470 ean
1146 2427 1312 2469 Rationi
1356 2427 1489 2482 magis
1528 2427 1716 2470 convenit
1757 2427 1916 2483 expleto

324 2499 483 2542 defectu
513 2500 711 2543 scribere:
743 2517 793 2542 ex
813 2502 1028 2558 pontific-is
1059 2502 1236 2542 maximi
1262 2500 1512 2558 (imperio)
1549 2509 1752 2543 meruerat
1780 2516 1916 2542 sacer-

324 2574 397 2616 dos
427 2589 505 2629 eqs.

459 2655 631 2699 Contr.
653 2657 686 2698 I.
708 2657 818 2709 220.
840 2672 878 2712 p.
901 2657 1042 2710 9120:
1073 2657 1249 2698 fiscalium
1260 2665 1396 2714 potest
1421 2656 1478 2698 ad
1492 2655 1735 2712 fleetendum
1763 2672 1917 2712 quoque

319 2730 476 2789 pudici
502 2731 635 2772 animi
664 2731 921 2788 propositum
950 2730 1087 2782 hostis,
1120 2728 1309 2787 ¹qladius:
1351 2745 1431 2770 ozon
1460 2729 1695 2780 succumbet,
1731 2729 1853 2771 immo
1879 2729 1921 2770 si

464 2875 490 2919 ¹)
513 2874 569 2909 De
595 2884 663 2918 qua
687 2874 920 2918 navigatione
945 2874 1007 2908 cfr.
1034 2873 1119 2908 Tac.
1144 2883 1224 2906 ann.
1249 2872 1300 2906 Π.
1324 2873 1366 2910 23
1391 2882 1441 2915 sq.
