2050 3324
701 231 968 269 ——123-

45 351 88 392 ὑι
118 351 206 400 illa,
237 350 355 406 plane
384 350 559 391 otiosum
594 350 727 391 intulit
761 350 1013 391 vocabulmn.
1061 350 1308 406 Simpliciter
1337 360 1423 392 erat
1444 353 1601 393 scribon

46 420 164 462 dum:
197 421 304 463 ‹liu-it
325 424 426 463 enim
450 424 518 462 (e'w
542 423 612 463 illa
633 422 822 462 subsellia
843 423 1021 462 tram-itu.
1055 453 1062 461 .
1095 454 1102 461 .
1137 421 1233 462 Post
1254 424 1357 464 enim
1387 422 1535 463 excidit
1567 426 1620 473 iu,

45 500 183 535 contra
226 508 275 534 ex
320 495 520 535 subselliis
567 493 672 534 male
721 500 976 547 praeceptum
1023 501 1084 532 est
1127 495 1208 533 suh.
1282 494 1366 535 (Jfr.
1403 510 1437 549 p.
1470 496 1620 545 477,⁴27

45 567 226 607 transibo
258 567 296 607 1⁸11
329 567 521 607 sulm-elliu
552 566 674 617 mast)

814 817 900 880 Π.

173 984 303 1026 Aliud
332 993 394 1026 est
424 1000 606 1026 errorum
637 1000 778 1038 genuS,
809 1000 890 1040 quo
921 986 961 1026 in
993 984 1170 1027 Senecae
1201 985 1315 1027 libris
1346 985 1621 1029 describendis

47 1071 358 1112 nonnumquam
404 1064 675 1113 peccaverunt
734 1058 901 1103 librarii,
961 1058 1085 1099 situm
1130 1057 1172 1098 in
1227 1058 1428 1099 turbando
1477 1074 1621 1101 vocum

43 1128 345 1184 syllabarumve
374 1128 527 1171 ordine.
588 1128 832 1185 Complures
879 1130 960 1170 iam
1004 1130 1081 1171 loci
1120 1130 1307 1171 restituto
1345 1130 1623 1172 tantummodo

43 1215 138 1242 vero
168 1200 308 1242 ordine
350 1200 457 1243 felici
497 1208 536 1242 et
581 1208 689 1243 certa
734 1202 966 1243 coniectura
1009 1202 1216 1258 persanati
1247 1209 1353 1243 sunt.
1413 1202 1457 1244 Si
1487 1209 1623 1244 autem

42 1272 242 1314 eiusmodi
272 1273 514 1314 mendorum
544 1288 646 1328 quae
677 1280 896 1315 occurrunt
936 1273 1121 1329 exempla
1164 1273 1379 1315 intentiore
1409 1288 1505 1315 cura
1534 1289 1623 1330 per-

43 1345 310 1396 scrutaberis,
356 1344 464 1399 quod
508 1344 559 1386 ad
603 1360 741 1386 eorum
773 1345 973 1399 originem
1003 1346 1147 1386 attinet
1177 1345 1256 1386 duo
1289 1345 1440 1387 videbis
1471 1345 1622 1387 discer-

42 1415 178 1458 nenda
206 1431 295 1458 esse
323 1431 483 1470 genera.
557 1417 723 1459 Etenim
753 1417 964 1473 archetypi
997 1417 1168 1473 scriptor
1198 1424 1269 1458 aut
1299 1418 1475 1474 primum
1507 1419 1622 1460 aber-

42 1488 227 1530 rantibus
256 1488 385 1530 oculis
416 1488 621 1530 transiluit
650 1489 860 1543 quaedam,
905 1503 1009 1543 quae
1047 1489 1192 1530 deinde
1229 1490 1279 1531 ab
1310 1490 1398 1546 ipso
1431 1490 1494 1531 vel
1524 1490 1622 1531 sim-

41 1559 200 1620 pliciter
229 1560 411 1602 subiecta
440 1560 527 1602 loco
557 1575 639 1602 non
673 1576 746 1602 suo
779 1567 993 1602 servarunt
1023 1560 1086 1602 vel
1126 1561 1401 1617 superscripta·
1435 1561 1624 1603 additave

49 1632 90 1674 in
120 1632 305 1688 margine
336 1647 410 1674 suo
440 1633 571 1674 Marte
601 1632 704 1686 falso
734 1632 822 1674 loco
858 1633 898 1674 in
930 1640 1085 1674 textum
1112 1633 1371 1674 inseruerunt
1390 1633 1625 1689 posterioris

43 1705 236 1761 tempoiis
273 1704 482 1758 librarii,2)
519 1729 574 1736 --
609 1713 678 1746 aut
716 1704 926 1761 complura
956 1706 1077 1747 verba
1107 1705 1278 1759 legendo
1308 1705 1543 1762 complexus
1582 1706 1622 1746 in

43 1776 257 1819 scribendo
288 1777 483 1819 memoria
512 1777 704 1833 deceptus
735 1784 796 1818 est
831 1777 1129 1832 verborumque
1159 1777 1344 1818 ordinem
1387 1778 1474 1833 ipse
1516 1777 1622 1818 invi-

41 1857 106 1891 tus
149 1851 349 1903 turbavit,
393 1865 515 1905 quem
559 1849 767 1890 turbatum
816 1849 1059 1904 posteriores
1109 1863 1247 1890 secure
1290 1849 1620 1905 propagarunt-⁹»)

40 1921 188 1976 Pauca,
219 1909 322 1978 qiiae
351 1937 442 1964 mea
472 1922 672 1964 sententia
701 1922 780 1963 huc
802 1921 1017 1978 pertinent,
1050 1921 1119 1963 sed
1142 1922 1374 1963 criticorum
1396 1921 1618 1962 sollertiam

41 1994 195 2048 fugisse
225 1994 425 2049 videntur,
456 1995 536 2035 iam
567 1994 781 2036 coniuncta
811 2008 1048 2050 proponam.

177 2106 204 2148 ¹)
229 2104 355 2140 Paullo
379 2107 463 2148 post
487 2105 535 2148 (v.
560 2104 597 2148 9)
622 2103 682 2138 ubi
706 2102 806 2138 codd.
831 2103 966 2138 habent
994 2102 1169 2150 subripuit
1203 2102 1282 2145 sed,
1316 2103 1424 2136 miror
1449 2101 1621 2137 Kiesslin-

39 2162 138 2206 gium
162 2161 342 2196 Gronovio
368 2160 673 2204 obtemperantem
703 2158 857 2194 edidisse
887 2159 1121 2205 corripuisset.
1167 2158 1407 2193 Verissimum
1430 2162 1488 2192 est
1510 2158 1623 2194 subri-

34 2218 183 2264 puisset:
208 2217 300 2252 dixit
323 2217 418 2252 enim
442 2216 574 2251 stultus
599 2216 724 2250 rhetor
747 2224 892 2249 sensum
915 2214 1013 2249 illum
1037 2214 1152 2249 Cestii
1176 2213 1214 2258 (ξ
1238 2215 1273 2258 2)
1300 2217 1483 2257 tamquam
1507 2225 1622 2257 suum,

40 2272 199 2307 fortasse
223 2271 333 2307 etiam
356 2271 514 2315 speravit
538 2281 576 2305 se
600 2271 637 2306 in
661 2271 758 2305 furto
783 2280 855 2305 non
891 2269 1150 2314 deprehensum
1180 2269 1235 2305 iri.
1266 2270 1341 2304 Gfr.
1373 2279 1406 2313 p.
1431 2271 1530 2314 27,15
1552 2282 1621 2306 uon

39 2327 257 2375 subripiendi
279 2339 401 2370 causa,
422 2327 484 2363 sed
499 2326 627 2374 palam
648 2325 846 2369 mutuandi,
869 2326 932 2361 hoc
954 2326 1085 2368 animo,
1106 2330 1145 2361 ut
1166 2324 1266 2361 vellet
1289 2327 1445 2370 aynosci.

172 2394 200 2437 ²)
224 2394 410 2439 Quomodo
447 2397 551 2428 ortus
585 2392 667 2427 talis
703 2402 806 2427 error
839 2391 948 2426 latius
981 2391 1172 2435 serpserit,
1208 2391 1408 2426 luculenter
1443 2395 1622 2426 monstrat

40 2450 139 2486 locus
164 2450 265 2485 valde
289 2449 528 2485 memorabilis
552 2459 584 2493 p.
607 2450 738 2489 29724.
797 2448 950 2491 Scripsit
973 2448 1111 2482 Seneca
1142 2447 1242 2483 video
1273 2447 1361 2495 quid
1391 2447 1519 2483 velitis:
1545 2459 1621 2483 sen-

42 2508 168 2542 tentius
185 2508 306 2554 potius
330 2506 455 2541 audire
479 2517 586 2553 quam
608 2506 712 2540 «iocos.
729 2504 814 2551 fiat:
837 2503 957 2539 audite
980 2515 1051 2551 eqs.
1118 2503 1189 2548 Qui
1212 2507 1420 2538 nostrorum
1444 2503 1543 2538 codd.
1567 2513 1621 2537 ar-

43 2562 221 2607 chetypon
244 2562 408 2597 exaravit
439 2561 560 2597 omisit
581 2560 667 2608 fiat,
695 2559 823 2594 deinde
855 2559 1108 2603 superscripsit
1137 2559 1306 2594 vocabulo
1336 2559 1466 2595 audite.
1513 2558 1621 2594 Godd.

43 2657 110 2698 AT
133 2661 271 2697 librarii
301 2661 455 2697 fideliter
477 2663 735 2705 expresserunt
751 2659 932 2703 archetypi
948 2660 1156 2694 memoriam
1179 2659 1232 2694 ita
1255 2614 1391 2701 affciilttffi
1414 2658 1623 2703 displicebat

43 2717 131 2752 haec
146 2717 322 2753 scribendi
336 2716 430 2752 ratio
447 2717 522 2752 cod.
536 2716 567 2751 B
585 2715 741 2759 librario,
755 2714 897 2758 scripsit
911 2714 1032 2750 audite
1039 2714 1122 2761 fiat,
1137 2714 1383 2758 pessumdedit
1398 2714 1622 2749 sententiam.

176 2785 205 2828 ³)
229 2783 392 2828 Exempli
415 2783 534 2828 gratia
569 2781 632 2817 cfr.
667 2791 698 2825 p.
735 2782 833 2819 4029
868 2781 936 2819 ubi,
974 2791 1052 2816 cum
1088 2790 1212 2815 omnes
1237 2780 1337 2815 codd.
1360 2780 1539 2824 pleniores
1563 2791 1620 2816 ex-

43 2839 188 2875 hibeant
211 2841 249 2875 in
273 2839 397 2888 quibus
412 2840 556 2885 sactum
577 2837 718 2884 defendi
747 2848 819 2871 uon
846 2841 974 2882 potest,
1009 2838 1171 2872 excusari
1199 2842 1326 2884 potest,
1360 2840 1620 2880 peropportune

43 2896 145 2931 nobis
170 2900 389 2930 succurrunt
411 2897 597 2937 excerpta,
634 2902 735 2936 quae,
773 2892 865 2935 quod
900 2892 1105 2926 sententiae
1142 2892 1245 2926 unice
1281 2892 1459 2933 convenit,
1498 2902 1619 2927 serva-

44 2955 177 2987 verunt
198 2953 235 2987 in
259 2964 291 3000 q.
306 2952 342 2996 s.
367 2950 508 2997 defendi
525 2955 651 2997 potest,
673 2949 835 2983 erma-sari
856 2959 925 2982 nou
945 2953 1071 2994 potest.
