2050 3324
714 228 960 268 -9-

46 347 185 402 Atque
230 347 328 388 talia
370 347 534 402 quidem
580 348 678 389 vitia
721 348 850 389 multa
893 363 985 389 cum
1030 349 1126 390 olim
1173 356 1260 391 tum
1291 365 1420 406 nuper
1449 359 1625 392 correcta

46 425 162 461 sunt:
194 419 300 460 bona
343 434 436 475 pars
480 419 614 461 adhuc
652 419 812 462 criticos
856 419 1010 471 fefellit,
1056 434 1148 462 cum
1192 428 1262 462 aut
1306 422 1492 463 insitivus
1534 422 1625 463 illas

47 489 267 547 particulas
310 491 490 545 integras
535 497 813 534 concoxerunt
850 497 922 531 aut
965 491 1172 544 mutando,
1217 508 1299 535 non
1344 493 1625 549 expungendo,

47 576 149 619 opus
177 577 266 605 esse
296 570 553 605 censuerunt.
612 563 741 618 Atqui
785 570 847 604 est
891 562 990 604 haec
1034 563 1124 619 ipsa
1166 564 1210 605 in
1249 565 1467 607 resecando
1497 564 1628 621 posita

46 634 289 676 emendandi
319 635 421 676 ratio
451 635 492 676 in
525 634 588 676 his
619 634 734 676 libris
761 634 989 676 certissima
1015 634 1269 690 firmiterque
1290 636 1476 689 tenenda,
1507 636 1627 678 modo

47 707 186 760 possis
229 706 347 748 illum
376 707 523 748 erroris
567 706 721 748 fontem
765 705 1079 763 deprehendere.
1146 707 1291 762 Neque
1327 722 1421 749 vero
1450 707 1627 750 alienum

47 778 209 821 videtur
236 778 314 820 hoc
342 793 586 830 asseverare,
619 777 819 833 siquidem
849 794 888 835 p.
921 779 1070 831 188‚15
1101 779 1166 821 vel
1187 779 1465 833 Kiesslingius
1494 779 1627 822 haesi-

47 850 160 892 tavit.
219 848 482 906 Quamquam
526 850 592 893 hic
639 858 682 892 ut
726 866 886 907 semper
922 850 1218 893 examinandus
1261 858 1323 893 est
1369 852 1498 908 ipsius
1529 853 1628 894 scri-

48 922 178 980 ptoris
209 936 323 974 usuS,
353 938 405 965 ne
435 923 638 965 immerito
669 924 923 979 increpemus
960 924 1161 966 librarios.
1219 923 1344 965 Velut
1374 922 1440 966 Co
1452 930 1540 966 ntr.
1574 923 1629 965 II.

50 995 155 1046 lO,7.
187 1011 225 1052 p.
259 996 406 1047 177,l3
437 996 492 1037 ‘nt
523 996 718 1052 quomodo
749 1012 817 1054 (¹90
848 995 988 1050 illam',
1020 998 1164 1052 inquit,
1196 997 1317 1052 {falso
1344 1000 1483 1038 nuntio
1504 1005 1630 1038 terru-

47 1083 171 1119 eram,
198 1069 258 1110 sic
289 1069 386 1119 illa’,
431 1069 573 1124 inquit,
621 1066 693 1109 ‘me
714 1068 836 1123 falso
856 1069 1046 1125 periculo
1076 1071 1253 1110 terreo-eff
1286 1067 1380 1110 inde
1407 1083 1432 1109 a
1462 1067 1631 1111 Schotto

47 1161 100 1168 —
130 1139 202 1194 qui
232 1139 395 1194 quidem
426 1139 525 1180 satis
546 1139 696 1180 mirum
722 1139 764 1180 in
785 1139 953 1181 modum
982 1139 1030 1181 de
1062 1139 1331 1193 ,glossemate‘
1360 1140 1553 1195 loquitur,
1574 1164 1629 1171 —

48 1211 270 1253 secluditur
298 1211 473 1253 alterum
505 1213 633 1268 inquit
661 1211 868 1267 fateorque
888 1211 1030 1254 eodem
1051 1211 1172 1253 modo
1194 1212 1292 1253 olim
1312 1228 1377 1254 me
1407 1228 1445 1269 p.
1479 1215 1628 1265 22032

48 1282 132 1326 ‘hoc
147 1285 268 1340 fuist,
298 1285 448 1340 inquit,
486 1281 625 1340 ‘quare
656 1284 891 1325 desinerem.
933 1285 1174 1337 sordidans,
1210 1286 1360 1341 inquit,
1391 1284 1465 1327 ‘me
1499 1301 1629 1327 serrem

35 1356 150 1412 fieri'
183 1354 500 1412 expungendum
529 1362 694 1411 putasse
737 1355 911 1397 alterum
955 1358 1104 1412 iuquit:
1150 1356 1220 1398 sed
1251 1356 1284 1397 si
1315 1357 1535 1398 contuleris
1566 1372 1627 1398 ex,

48 1441 82 1469 c.
99 1443 136 1484 p.
154 1428 372 1478 222,4—5.
405 1442 443 1482 p.
460 1427 624 1478 357,14.
656 1442 692 1483 p.
711 1427 985 1478 358,16—17.
1006 1442 1045 1483 p.
1061 1429 1334 1480 366f20—21.
1354 1443 1392 1485 p.
1409 1429 1628 1481 473,5—-7.

48 1514 85 1555 p.
130 1498 403 1551 494‚24—26,
447 1498 643 1540 concedes
687 1513 817 1554 neque
861 1499 937 1541 hoe
979 1513 1111 1554 neque
1153 1499 1225 1540 illo
1272 1499 1360 1541 loco
1405 1500 1629 1555 quidquam

47 1570 289 1612 mutandum
318 1585 419 1612 esse.

181 1644 274 1697 Age
293 1656 415 1694 nunc,
433 1650 477 1683 ut
496 1642 547 1683 ad
568 1643 699 1698 ipsam
716 1658 801 1684 rem
814 1643 1117 1697 aggrediamur,
1135 1643 1346 1685 videamus
1369 1643 1418 1685 de
1436 1641 1572 1686 Suas.
1596 1644 1629 1686 I.

50 1716 114 1756 12.
143 1729 182 1770 p.
212 1714 238 1756 8
257 1740 278 1744 -
297 1715 333 1755 9.
384 1713 542 1756 Mentio
573 1715 628 1757 ibi
660 1715 707 1755 fit
736 1715 786 1756 de
815 1721 1006 1772 corrupto
1035 1715 1171 1770 aliquo
1200 1715 1288 1758 loco
1317 1717 1442 1772 petito
1471 1731 1519 1758 ex
1548 1716 1628 1758 Do·

49 1786 177 1828 rionis
198 1786 448 1843 metaphrasi
472 1786 664 1840 Homeri3
696 1788 819 1829 verba
847 1786 1003 1830 Graeca
1031 1787 1291 1830 librariorum
1311 1788 1430 1844 culpa
1450 1788 1493 1830 in
1515 1788 1629 1831 codd.

49 1858 201 1901 nostris
230 1858 381 1900 omissa
412 1866 520 1910 sunt,
565 1859 697 1915 pergit
732 1866 869 1901 autem
899 1863 1070 1912 Seneca,
1103 1861 1138 1901 si
1167 1859 1466 1915 Kiesslingium
1497 1861 1631 1916 sequi-

48 1946 154 1983 mur,
185 1930 264 1974 sic:
295 1931 409 1972 Haec
440 1931 673 1986 quomodo1)
706 1949 755 1974 eac
785 1934 990 1989 corruptis
1019 1948 1062 1974 eo
1082 1934 1339 1990 perveniant,
1368 1942 1412 1975 uc
1431 1943 1467 1975 et
1485 1950 1632 1991 mayna

49 2012 83 2045 ec
113 2011 245 2045 tamen
273 2019 375 2044 saria
403 2005 502 2053 sint,
534 2005 665 2045 aiebat
693 2005 907 2046 Maecenas
936 2004 1051 2061 apud
1071 2005 1289 2062 Veryilz'um
1309 2006 1488 2062 z‘retelleyi
1501 2022 1631 2060 posse..

48 2075 264 2117 Tumidum
299 2084 375 2118 est:
405 2074 524 2131 ὄρεος
563 2075 660 2132 ὅρος
695 2074 965 2119 ἀποσπᾶται.
1033 2078 1232 2135 Ver-yilius
1268 2076 1369 2134 quid
1407 2079 1490 2119 ait?
1521 2080 1632 2134 rapit

475 2147 588 2189 haud
622 2158 785 2205 parterm
829 2150 1017 2206 esriquam
1052 2151 1207 2191 montc's.

50 2219 116 2261 Ita
131 2218 184 2272 (a)
200 2219 474 2276 maquz'tzcdz'ne
490 2219 673 2272 discedit,
688 2230 730 2262 uc
745 2236 824 2262 non
845 2221 1121 2278 imprudemer
1141 2221 1324 2263 discedat
1341 2221 1470 2277 afide.
1515 2221 1555 2262 N
1559 2237 1633 2262 on-

52 2290 152 2332 dum
168 2289 427 2332 emendatum
448 2298 510 2332 est
535 2291 723 2344 ultimum
747 2291 1013 2333 enuntiatum.
1046 2291 1153 2334 Boni
1168 2292 1283 2334 codd.
1301 2292 1378 2334 BV
1395 2293 1456 2344 (in
1473 2293 1512 2334 A
1529 2308 1632 2335 non-

52 2362 156 2404 nulli
187 2377 331 2404 versus
361 2362 670 2418 interciderunt)
701 2364 804 2406 miro
834 2371 1033 2407 concentu
1054 2364 1248 2407 exhibent
1267 2367 1325 2407 ita
1346 2366 1635 2424 mayozz'tecdz'm's

53 2434 168 2476 cedat
196 2434 344 2476 studet:
375 2434 458 2476 iam
486 2450 583 2477 vero
620 2436 654 2477 si
692 2436 783 2491 quis
827 2450 920 2478 cum
964 2436 1217 2491 Kiesslingio
1260 2436 1393 2490 faciat,
1438 2437 1635 2494 pervelim

55 2506 170 2561 scire,
203 2505 407 2562 quomodo
438 2506 541 2548 illud
569 2507 700 2550 studet
728 2507 771 2549 in
801 2513 959 2550 textum
989 2509 1196 2566 irrepserit
1265 2509 1410 2565 Neque
1439 2511 1635 2551 maiorem

53 2577 177 2620 fidem
206 2577 419 2620 habuerim
448 2579 642 2621 Bursiani
671 2580 909 2622 correctioni
946 2583 1004 2623 ita
1040 2581 1316 2640 vrzccynz'tzcdz'ni
1351 2582 1464 2624 cedat
1491 2582 1634 2634 stridet,

53 2666 133 2692 non
161 2650 453 2708 imprudenter
471 2651 653 2694 dz'soedat
681 2669 707 2694 a
722 2653 832 2708 fide:
862 2668 934 2710 per
963 2653 1064 2695 mihi
1095 2653 1197 2695 mira
1228 2653 1388 2695 videtur
1418 2654 1636 2696 verborum

56 2728 260 2764 structura
288 2722 495 2777 vincitque
529 2738 593 2765 res
638 2724 728 2780 ipsa
769 2724 998 2780 Vergilium
1041 2741 1123 2767 non
1167 2725 1307 2768 cedere
1350 2725 1634 2780 magnitudini,

193 2832 216 2874 ¹)
240 2831 499 2876 coniungenda
533 2833 620 2868 haec
655 2843 735 2869 esse
770 2845 849 2869 cum
882 2835 1177 2878 praecedentibus
1215 2839 1252 2869 et
1281 2835 1326 2870 ad
1350 2834 1499 2870 eandem
1523 2838 1636 2869 meta-

55 2886 205 2930 phrasin
227 2886 388 2926 Homeri,
411 2897 484 2922 non
507 2888 552 2923 ad
586 2889 846 2934 dithyrambum
880 2890 1002 2925 nescio
1038 2900 1141 2934 quem
1175 2890 1366 2926 referenda
1387 2894 1545 2934 apparet,
1593 2892 1637 2926 cf.

56 2943 160 2978 Burs.
184 2942 221 2977 in
245 2942 411 2978 Zarnckii
434 2943 507 2979 Lit.
532 2944 723 2980 Centralbl.
751 2948 842 2984 1873,
868 2956 899 2989 p.
928 2948 1022 2986 1555.
