2050 3324
809 202 861 208 ——
920 182 967 222 41

155 302 370 345 sententiis
402 302 654 358 interposuit,
685 316 824 344 cruces
854 302 947 343 illas
979 303 1154 344 virorum
1187 303 1396 345 doctorum
1418 303 1583 358 quibos
1605 305 1730 347 libros

151 382 377 417 tractarunt
420 375 502 416 fere
543 374 740 416 omnium.
814 372 922 415 Sunt
965 374 1072 414 euim
1115 373 1273 416 Graeca
1317 375 1398 427 illa,
1446 383 1488 416 ut
1531 376 1630 418 scite
1673 377 1731 418 ait

151 445 359 494 Schottus,
392 446 580 488 Gothicis
611 446 746 502 potius
776 445 921 486 litteris
951 460 1072 500 quam
1104 444 1273 488 Graecis
1303 454 1468 488 exarata
1496 462 1520 488 a
1549 447 1728 489 librariis

151 517 306 561 Graece
336 518 497 572 legendi
529 517 680 559 nedum
711 516 972 570 intellegendi
1005 517 1170 569 ignaris.
1220 516 1346 568 Quod
1376 518 1541 572 quidem
1571 519 1605 560 si
1635 519 1728 561 dili-

149 591 312 645 gentius
343 597 477 632 tecum
509 589 774 646 reputaveris,
805 589 1048 640 consenties,
1079 589 1235 644 opinor,
1275 604 1434 630 mecum
1464 605 1730 646 praemonen-

152 663 251 704 dum
279 662 460 704 censenti
492 661 541 703 de
570 662 638 702 via
666 667 706 702 et
735 660 890 702 ratione
933 661 1000 702 hic
1035 660 1223 711 ineunda,
1269 661 1376 715 quod
1421 661 1518 703 alibi
1562 663 1732 705 fortasse

158 734 306 776 nimiae
334 733 547 776 cuiusdam
578 732 880 788 superstitionis
912 732 1038 774 videri
1071 732 1212 788 possit,
1257 732 1297 773 id
1343 732 1385 772 in
1415 732 1491 775 hac
1521 735 1733 790 provincia

153 821 388 863 pernecesse
430 821 538 857 esse,
590 812 636 846 ut
679 820 839 846 summa
883 805 1080 860 religione
1124 805 1320 845 rimemur
1370 805 1540 847 traditos
1584 806 1730 862 apices.

149 878 314 920 Etenim
343 878 395 920 ad
425 894 513 919 eam
544 877 830 932 suspicionem,
862 884 907 918 ut
936 888 1125 934 putemus
1156 876 1366 918 librarium
1398 878 1596 919 memoria
1614 886 1730 920 noto-

149 965 321 1006 rumque
365 952 443 993 sibi
490 953 709 994 verborum
752 951 1000 1003 imaginibus
1045 951 1258 1008 deceptum
1317 951 1465 992 vitiosa
1529 965 1730 1003 exarasse,

154 1047 206 1052 —
223 1038 342 1078 quem
373 1038 556 1065 errorum
572 1024 725 1065 fontem
742 1023 922 1077 alioquin
945 1037 1033 1064 esse
1052 1023 1306 1064 uberrimum
1323 1024 1474 1065 scimus
1490 1023 1658 1078 experti,
1675 1045 1730 1051 —

151 1095 217 1137 hic
245 1095 497 1137 redeundum
527 1111 608 1137 non
640 1104 721 1139 est:
766 1095 904 1137 omnia
943 1094 1153 1136 referenda
1181 1094 1234 1135 ad
1263 1095 1463 1136 incuriam
1493 1109 1730 1149 erroresque

150 1167 373 1209 oculorum.

284 1255 455 1297 Initium
485 1255 692 1312 capiamus
723 1270 747 1296 a
774 1255 863 1297 loco
892 1262 1052 1312 praeter
1081 1255 1417 1296 consuetudinem
1446 1254 1530 1296 fere
1559 1254 1730 1308 integro,

155 1335 201 1368 ut
229 1327 484 1369 vindicemus
515 1343 609 1369 eum
639 1343 661 1369 a
692 1325 940 1381 Schultingii
971 1327 1147 1377 licentia,
1179 1342 1283 1381 quae
1313 1342 1443 1383 nuper
1486 1326 1549 1367 vel
1584 1325 1729 1367 Kiess-

147 1400 281 1453 lingio
311 1400 519 1456 imposuit.
577 1399 752 1442 Contr.
773 1398 913 1441 VIIII.
945 1399 1079 1448 25:20.
1112 1414 1149 1455 p.
1172 1399 1336 1450 41125,
1368 1398 1402 1439 si
1433 1397 1559 1440 semel
1589 1413 1662 1453 pro
1684 1404 1728 1440 Α

149 1472 408 1514 substituer-is
450 1478 502 1523 Δ,
547 1472 590 1513 in
633 1471 748 1514 codd.
793 1471 985 1525 leguntur
1028 1471 1147 1514 haec:
1207 1471 1315 1512 dim
1357 1472 1401 1512 in
1439 1471 1515 1511 hac
1551 1471 1730 1512 Nicetes:

147 1543 207 1594 ὠς
221 1542 451 1598 δ’ἤκουσαν
467 1543 492 1586 ὅ
497 1560 535 1585 τι
551 1540 799 1598 συμπόσιόν
818 1544 933 1586 ἐστιν
949 1543 1093 1599 ἤριζον.
1126 1541 1389 1598 Supervacua
1404 1548 1466 1583 est
1482 1540 1729 1597 Schultingii

146 1616 318 1657 mutatio
347 1616 561 1658 smibentis
592 1615 651 1665 ὠς
679 1614 906 1671 δ’ἤκουσεν
936 1648 945 1657 .
969 1648 978 1657 .
1002 1648 1010 1656 .
1040 1615 1225 1670 ἤλπιζεν,
1254 1614 1376 1655 modo
1416 1615 1540 1655 verba
1585 1613 1730 1655 tradita

149 1696 255 1730 recte
292 1687 588 1742 intellegamus.
656 1687 736 1729 Est
778 1695 914 1729 autem
960 1687 1162 1728 sententia
1205 1686 1325 1728 haec:
1370 1686 1440 1728 ubi
1484 1685 1731 1727 audiverunt

147 1760 302 1817 captivi·
325 1759 562 1802 convivium
592 1760 800 1812 celebrari,
832 1760 1081 1811 rixabantur,
1113 1759 1197 1800 scil.
1230 1774 1311 1800 uno
1341 1772 1514 1813 quoquo,
1548 1764 1591 1798 ut
1606 1758 1728 1800 liber-

147 1838 273 1874 tatem
303 1832 555 1888 reciperaret,
585 1831 636 1873 ad
666 1832 950 1888 proconsulem
995 1832 1085 1873 ‹luci
1130 1831 1340 1884 gestiente.
1414 1830 1482 1871 Ad
1511 1845 1598 1872 rem
1628 1830 1724 1871 illu-

148 1904 358 1946 strandam
386 1903 457 1946 cfr.
489 1919 527 1960 p.
559 1905 681 1957 412,9
710 1905 954 1946 sententiam
985 1903 1198 1958 Glyconis.

282 1993 369 2034 Iam
399 1999 531 2035 cetera
559 1993 700 2035 ordine
729 1992 1075 2050 persequamur.¹)
1116 1991 1217 2035 Con
1230 1998 1287 2035 tr.
1314 1991 1347 2034 Ι.
1369 1993 1479 2045 8,16.,
1498 2007 1537 2048 Ρ.
1562 1993 1727 2044 138,16:

145 2065 302 2122 Glycon
331 2065 459 2107 dimit:
496 2063 569 2107 οὐκ
598 2065 714 2108 ἔστιν
742 2066 1223 2108 EYICANUNIC'IDN
1248 2063 1334 2107 ὑπὸ
1371 2064 1591 2113 κλαίοντος
1623 2080 1728 2122 προ-

150 2140 419 2191 πέμπεσθαι.
464 2135 674 2192 Sagaciter
694 2137 793 2180 haec
812 2137 993 2179 Haasius:
1017 2145 1057 2179 et
1077 2137 1304 2178 Bursianus
1326 2153 1375 2179 ex
1396 2136 1581 2179 codicum
1602 2137 1728 2179 vesti-

151 2210 230 2264 giis
267 2211 532 2252 subobscuris
568 2216 777 2261 eruerunt,
807 2210 878 2252 sed
907 2211 951 2252 in
981 2211 1052 2265 eis,
1084 2224 1187 2265 quae
1217 2210 1323 2252 sicut
1351 2210 1394 2251 in
1423 2208 1538 2251 codd.
1569 2216 1730 2251 exstant

147 2281 358 2337 exscripsi,
393 2281 616 2324 enodandis
660 2298 779 2324 nemo
823 2282 957 2324 adhuc
1001 2282 1103 2323 mihi
1149 2281 1356 2324 satisfecit.
1429 2281 1661 2323 Bursianus
1690 2287 1730 2323 et

147 2352 426 2408 Kiesslingius
470 2353 675 2396 Haasium
719 2354 847 2397 secuti
876 2354 1074 2396 dederunt
1103 2352 1421 2404 εὗκανονιστόν,
1464 2353 1574 2409 quod
1609 2367 1729 2395 voca—

147 2425 291 2466 bulum
320 2425 522 2480 quomodo
565 2426 633 2468 hic
660 2426 756 2468 ferri
785 2426 928 2483 possit,
973 2442 1048 2481 ego
1090 2441 1173 2467 non
1217 2426 1409 2482 dispicio:
1454 2426 1604 2482 quippe
1647 2441 1731 2468 non

146 2504 367 2554 usurpatur
395 2498 476 2539 nisi
505 2497 555 2539 de
583 2496 720 2555 τόπῳ,
760 2506 806 2539 ut
846 2499 899 2539 sit
928 2498 1106 2555 ,optimis
1138 2498 1291 2552 regulis
1322 2497 1527 2540 directus.‘
1585 2498 1730 2553 Neque

147 2569 284 2611 minus
314 2569 513 2626 improbo,
544 2569 654 2625 quod
682 2569 920 2625 Madvigius
951 2570 1134 2624 coniecit,
1165 2568 1510 2625 εὗδαιμονιστόνε
1555 2585 1637 2612 non
1669 2570 1729 2612 vi-

151 2640 298 2682 dentur
326 2639 473 2684 Graeci
503 2641 581 2684 hac
609 2641 741 2684 forma
762 2642 823 2683 usi
839 2657 941 2694 esse,
971 2656 1104 2697 neque
1120 2642 1286 2684 omnino
1303 2642 1435 2699 placet
1450 2642 1526 2684 hoc
1546 2642 1728 2684 verbum.

282 2796 308 2840 ¹)
332 2795 556 2839 Quamquam
580 2796 623 2831 de
647 2795 818 2831 universo
842 2796 922 2831 loco
947 2795 1129 2830 sententia
1153 2796 1239 2830 mihi
1261 2796 1418 2830 nondum
1441 2798 1594 2835 constat,
1611 2797 1731 2830 tamen

147 2850 256 2886 verbo
280 2851 413 2886 notabo
437 2853 586 2887 contr.
609 2851 639 2887 I.
662 2854 749 2892 7,18.
772 2863 805 2896 p.
832 2854 938 2896 130‚·2‚
977 2852 1036 2886 ubi
1060 2852 1159 2886 codd.
1183 2851 1318 2886 habent
1339 2851 1468 2887 donent
1492 2855 1730 2892 AXEINON,

148 2905 424 2952 Kiesslingium,
439 2911 632 2952 postquam
649 2908 738 2943 scite
754 2908 921 2943 restituit
944 2909 1093 2955 εἴδομεν,
1118 2917 1190 2942 non
1213 2906 1304 2942 bene
1321 2905 1512 2950 scripsisse
1537 2906 1733 2953 ταχὺπλουν

1491 2973 1533 3012 3*
