2050 3324
732 226 1005 266 —23-

78 360 181 402 opus
195 345 336 401 suerit
360 345 608 403 pudicitiam
638 346 871 388 vindicabit.
932 345 1025 388 Hoc
1055 347 1142 388 loco
1173 347 1347 402 primum
1380 364 1460 389 non
1493 365 1658 405 possum

79 431 161 457 non
192 416 422 473 improbare
452 416 762 459 Gronovianam
800 417 1073 459 coniecturam
1110 426 1310 474 receptam
1341 436 1364 461 a
1394 420 1660 475 Kiesslingio7

79 486 129 529 de
157 502 238 542 qua
268 489 459 530 scribitur
489 489 805 545 adjice-cendum
843 506 997 545 quoque.
1036 505 1106 545 pro
1143 506 1189 531 co
1225 492 1332 546 quod
1368 507 1509 534 omnes
1547 493 1661 536 codd.

82 561 278 616 praebent
313 561 370 602 ad
406 571 554 602 roz-tum
596 578 761 617 quoqne.
829 560 1120 615 Praeterquam
1158 563 1269 605 enim
1307 564 1414 618 quod
1453 564 1553 606 illud
1593 580 1663 621 per

79 646 123 673 Se
152 631 352 689 displicet,
383 656 437 661 ——
467 633 571 674 male
609 633 718 673 enim
759 639 849 689 post
865 633 1111 689 fleetendum
1147 635 1313 689 ponitur
1349 653 1514 691 quoqne,
1555 636 1662 690 quod

78 704 173 760 poni
202 703 373 746 debebat
404 713 495 760 post
526 705 684 762 pudici,
715 728 769 732 —
798 705 951 761 optime
987 720 1076 746 sese
1111 705 1233 747 habet
1269 706 1417 748 tradita
1452 708 1660 750 memoria.

78 773 186 817 Sunt
215 791 313 818 sane
340 777 534 830 ambigua
566 777 701 828 verba,
734 785 868 818 tamen
900 792 1023 832 quam
1053 777 1095 818 in
1126 785 1283 834 partem
1312 779 1546 835 accipienda
1567 780 1661 832 sint,

77 862 141 890 res
171 848 260 905 ipsa
288 848 388 890 satis
418 848 595 891 dilucide
625 848 752 891 docet.
812 848 913 890 Vult
942 848 1120 904 profecto
1153 849 1241 892 Silo
1271 850 1504 906 Pompeius,
1542 852 1663 893 etiam

78 919 272 978 pudicum
316 928 356 963 et
398 921 618 963 honestum
662 922 847 963 animum
891 921 975 965 fere
1018 922 1245 979 perturbari
1290 929 1330 964 et
1374 923 1506 978 frangi
1551 924 1662 966 saevi

76 992 209 1035 hostis
229 993 436 1050 adspectu.
496 993 657 1036 Deinde
678 994 808 1036 eidem
829 993 1040 1037 Gronovio
1061 996 1278 1038 obsecutus
1300 1003 1362 1038 est
1382 996 1662 1051 Kiesslingius

78 1080 223 1122 parum
256 1066 521 1121 probabiliter
555 1067 787 1109 coniicienti
823 1068 959 1120 hostie,
992 1068 1161 1125 gladius
1198 1083 1271 1124 pro
1309 1068 1507 1110 tralaticio
1537 1070 1663 1111 hostis

71 1137 227 1196 ¹qladz'o.
290 1138 431 1194 Atque
465 1139 716 1180 Bursianum
753 1146 860 1181 certe
910 1154 1052 1181 verum
1094 1155 1175 1181 non
1217 1140 1426 1182 invenisse
1464 1141 1662 1183 concedo:

76 1210 147 1265 qui
183 1225 278 1252 cum
312 1210 447 1252 ederet
504 1212 672 1253 multum
710 1220 841 1268 potest
885 1211 1093 1253 adrectmn
1143 1228 1296 1269 quoqne
1343 1213 1496 1270 pudici
1534 1214 1667 1255 animi

71 1284 351 1340 propositum:
394 1284 521 1325 hostete
561 1282 742 1340 yladi01)
782 1300 861 1325 von
896 1285 1119 1325 succumbet
1160 1301 1253 1340 eqs„
1296 1285 1433 1326 minus
1478 1285 1663 1337 attendit,

77 1378 130 1382 —
167 1369 220 1396 ne
262 1354 513 1409 attingamus
557 1355 659 1407 alia,
697 1380 750 1384 -—
786 1355 910 1396 totius
955 1356 1151 1397 orationis
1196 1363 1389 1398 tenorem.
1447 1356 1512 1398 Ita
1553 1357 1663 1399 enim

75 1427 334 1483 persequitur
364 1426 584 1484 Pompeius
615 1442 739 1482 quam
769 1428 982 1484 proposuit
1006 1428 1193 1482 figuram,
1226 1435 1270 1469 ut
1289 1428 1483 1484 depingat
1504 1444 1663 1486 semper

74 1498 239 1554 aliquod
259 1499 498 1555 periculum,
529 1499 674 1541 deinde
704 1515 799 1541 vero
826 1506 1015 1556 exponat,
1046 1500 1250 1555 quomodo
1272 1516 1314 1543 se
1333 1501 1506 1555 gesserit
1525 1501 1662 1557 puella

76 1570 164 1623 (cfr.
207 1586 245 1612 v.
282 1572 334 1613 10
373 1578 413 1613 et
451 1573 530 1623 12).
593 1571 701 1613 Mihi
746 1572 830 1614 veri
881 1573 1139 1615 simillimum
1192 1587 1352 1629 semper
1402 1573 1537 1614 visum
1581 1580 1662 1617 est:

74 1645 241 1686 multum
275 1653 406 1701 potest
439 1644 497 1686 ad
523 1655 674 1686 rcctmn
704 1662 857 1702 quoquc
890 1645 1042 1703 pudici
1067 1647 1199 1688 ccnz'vm'
1220 1647 1477 1703 propositum
1505 1647 1663 1688 hostis

77 1713 230 1769 (cum)
256 1716 452 1774 yladz'o:
494 1733 574 1759 non
603 1719 827 1760 succumbet
856 1734 936 1774 cqs.

208 1800 380 1844 Contr.
412 1802 444 1844 I.
475 1802 584 1855 3,11.
615 1818 654 1858 p.
685 1802 830 1856 9931:
883 1802 1074 1844 Othonem
1110 1802 1274 1844 Ium'wn
1298 1811 1465 1859 patrem
1499 1804 1668 1844 memini

77 1874 249 1916 colorem
288 1876 452 1916 stultztm
487 1875 695 1927 iuducere,
735 1874 843 1931 quod
875 1875 1009 1916 minus
1031 1874 1256 1931 ferendum
1293 1883 1360 1926 cst,
1397 1874 1507 1930 quod
1539 1875 1664 1916 libros

77 1947 255 1988 colorum
284 1946 426 1989 edidit.
484 1946 596 1989 Miro
625 1961 827 1989 consensu
858 1946 956 1988 olim
986 1945 1232 2000 vulgabatur
1261 1945 1462 2000 hodieque
1488 1945 1662 1988 circum-

76 2016 205 2059 fertur
235 2018 343 2075 quod
369 2020 503 2061 miuus
560 2034 632 2076 pro
661 2033 708 2061 eo
737 2018 845 2074 quod
866 2024 999 2060 exstat
1018 2019 1059 2060 in
1081 2018 1272 2060 omnibus
1294 2017 1413 2060 codd.
1436 2020 1661 2074 quominus·

77 2088 302 2133 Enimvero
330 2091 593 2148 perspicuum
621 2097 683 2133 est
708 2097 871 2148 propter
891 2091 1023 2147 ipsam
1043 2090 1268 2132 orationem
1288 2090 1381 2132 inde
1401 2090 1658 2133 efficiendum

79 2161 226 2206 fuisse:
272 2163 415 2219 quo(d
448 2163 529 2217 co)
576 2165 738 2207 minus
761 2164 987 2219 feo-endum
1023 2171 1098 2217 est,
1142 2163 1251 2220 quod
1279 2196 1288 2204 .
1320 2195 1329 2204 .
1361 2162 1502 2205 edidit.
1562 2161 1662 2215 Cfr.,

79 2234 113 2275 si
144 2234 247 2276 tanti
276 2241 350 2290 est,
380 2251 419 2292 p.
452 2237 546 2289 G4,7
577 2236 686 2293 quod
713 2252 757 2278 eo
786 2237 918 2294 mayz's
957 2237 1001 2278 in
1036 2236 1109 2278 illo
1138 2236 1326 2278 mio-abile
1359 2235 1498 2277 videri
1517 2243 1662 2292 potest,

79 2306 189 2362 quod
207 2339 217 2349 .
241 2340 250 2349 .
269 2309 469 2350 scribebat
489 2314 528 2350 et
548 2323 586 2364 p.
607 2308 760 2361 3492ss
788 2325 908 2365 quam
929 2324 971 2350 eo
991 2309 1122 2366 Μαθὼν
1142 2307 1341 2359 desz'dmv,
1363 2307 1474 2364 quod
1491 2339 1500 2349 .
1524 2339 1533 2348 .
1556 2307 1662 2364 afui.

209 2388 261 2431 In
291 2388 462 2432 Contr.
485 2390 540 2433 ΙΙ.
561 2391 587 2432 9
606 2391 799 2448 proponit
828 2388 984 2433 Seneca
1012 2390 1324 2447 explicationem
1355 2389 1660 2444 vegetissimam

79 2461 253 2504 Fabiani
275 2461 430 2519 Papirii
459 2463 692 2506 invehentis
714 2464 756 2505 in
777 2463 1014 2520 pestiferam
1034 2463 1273 2505 divitiarum
1295 2462 1379 2504 vim
1399 2461 1664 2516 luxuriaeque

80 2534 345 2590 pravitatem,
393 2542 535 2578 contra
576 2535 781 2578 laudantis
825 2536 1004 2578 sobriam
1050 2541 1340 2592 paupertatem.
1412 2534 1492 2576 Est
1525 2541 1664 2576 autem

80 2612 165 2648 tota
198 2606 299 2650 haec
336 2607 527 2664 pericopa
562 2615 648 2650 tam
682 2609 830 2651 misere
867 2615 1078 2664 corrupta,
1115 2613 1161 2648 ut
1194 2607 1375 2649 nesciam
1404 2622 1457 2648 an
1486 2605 1591 2648 nihil
1619 2605 1664 2649 in

81 2679 159 2722 hoc
200 2694 322 2736 opere
371 2680 424 2721 sit
478 2681 673 2723 traditum
721 2681 964 2738 corruptius.
1040 2679 1254 2723 Nonnulla
1300 2686 1408 2722 recte
1450 2676 1665 2721 emendata

81 2758 195 2805 sunt,
240 2753 370 2796 multo
415 2753 533 2809 plura
575 2753 759 2796 sananda
803 2759 978 2798 restant:
1029 2767 1126 2806 nOS,
1170 2752 1329 2794 etiamsi
1373 2751 1416 2792 in
1459 2749 1664 2807 prioribus

217 2897 243 2941 ¹)
268 2896 368 2931 Idem
390 2897 578 2940 postmodo
602 2897 705 2942 (spic.
728 2897 807 2932 crit.
829 2906 863 2941 p.
887 2897 923 2941 7)
948 2897 1040 2932 hanc
1063 2905 1187 2932 vocem
1211 2898 1249 2930 et
1270 2895 1327 2930 hjc
1350 2893 1512 2932 servavit
1527 2895 1565 2927 et
1580 2895 1665 2927 ante

80 2952 270 2990 vindicabit
293 2953 520 2988 inserendam
544 2963 624 2988 esse
649 2954 850 2998 suspicatus
875 2956 943 2988 est.
