2025 3131
959 131 1207 173 -5-

291 256 448 297 viribus
478 255 684 310 praeditus
715 262 840 306 esset,
886 254 1036 309 quibus
1067 268 1154 294 sese
1184 268 1319 294 carere
1350 253 1435 307 ipse
1468 253 1694 295 Burs-ianus
1726 254 1870 309 (praef.

290 343 327 381 p.
359 326 444 380 XI)
487 327 663 381 ingenue
706 326 917 368 confessus
961 332 1035 366 est.
1110 322 1259 366 Secuta
1302 331 1364 365 est
1407 339 1516 365 anno
1559 325 1598 366 h.
1640 340 1672 366 s.
1704 324 1873 366 LXXII

289 398 412 440 editio
441 398 625 454 Adolphi
654 396 938 452 Kiesslingiv)
969 396 1146 452 optimae
1175 395 1305 450 frugis
1349 395 1487 451 plena,
1533 411 1612 450 qua
1648 397 1691 438 in
1727 396 1874 438 horum

289 471 488 512 librorum
517 476 557 511 et
585 469 819 511 recensione
862 475 902 510 et
946 467 1227 510 emendatione
1267 468 1516 523 permultum
1546 468 1771 524 profectum
1799 475 1873 509 est.

291 543 481 597 Namque
525 541 574 583 de
618 541 826 583 codicibus
870 541 912 581 in
959 540 1215 591 universum,
1259 539 1408 595 partim
1451 540 1739 595 praeeuntibus
1783 539 1875 581 aliis

293 615 394 656 viris
439 614 581 667 doctis,
627 620 710 654 tam
754 613 878 669 probe
921 612 990 653 ille
1034 611 1266 664 iudicavit2)
1311 626 1529 666 eorumque
1573 611 1764 653 lectiones
1794 616 1877 653 tam

294 692 480 729 accurate
523 693 562 727 et
608 685 825 738 diligenter
868 683 1091 740 proposuit,
1136 683 1205 724 vix
1251 688 1295 724 ut
1329 683 1565 738 quidquam,
1603 690 1648 724 ut
1676 697 1786 725 nunc
1813 697 1878 725 res

296 773 382 800 sese
404 758 536 811 habet,
569 757 787 799 desiderari
810 756 951 812 possit,
974 756 1053 796 nisi
1084 755 1192 810 quod
1222 770 1406 797 caremus
1434 755 1567 797 adhuc
1587 755 1708 811 plena
1727 755 1877 797 codicis

294 830 501 881 Vaticani,
533 828 642 883 quod
672 828 921 884 archetypon
945 827 1095 869 codicis
1126 826 1311 868 Toletani
1331 841 1421 868 esse
1441 827 1563 868 evicit
1582 827 1878 882 Kiesslingius,

294 902 528 953 collatione,
574 915 624 941 ex
667 915 748 955 qua
777 898 931 953 aliquid
961 899 1133 940 fortasse
1163 898 1427 939 emolumenti
1471 898 1690 953 aliquando
1733 899 1879 941 redun-

295 974 419 1015 dabit.
477 972 603 1014 Porro
652 972 766 1014 iactis
811 971 889 1013 hoc
932 970 1052 1012 modo
1096 969 1373 1012 fundamentis
1419 970 1558 1012 solidis
1604 971 1710 1012 idem
1742 986 1880 1027 super-

298 1046 449 1087 struxit
491 1045 721 1087 aedificium
766 1044 865 1085 satis
908 1042 1111 1084 mundum
1160 1043 1504 1099 perpolitamque,
1555 1043 1703 1099 partim
1760 1059 1881 1087 suum

296 1119 424 1175 ipsius
456 1123 617 1159 secutus
646 1116 870 1170 ingenium,
901 1115 1050 1172 partim
1080 1114 1254 1156 aliorum
1298 1115 1480 1156 virorum
1525 1115 1737 1157 doctorum
1781 1131 1881 1157 usus

298 1190 490 1233 inventis.
550 1190 687 1244 Atque
716 1189 890 1245 perbene
921 1187 1087 1242 quidem
1116 1187 1212 1228 fecit
1240 1194 1280 1228 et
1308 1187 1437 1241 iuste,
1469 1187 1576 1242 quod
1607 1188 1758 1230 saeculi
1778 1187 1883 1230 XVI

298 1270 338 1305 et
365 1261 495 1304 XVII
524 1262 770 1312 criticorum,
801 1284 855 1290 —
884 1260 976 1302 Nic.
1007 1259 1151 1314 Fabri,
1196 1260 1250 1301 A.
1282 1257 1454 1312 Schotti,
1498 1260 1538 1302 J.
1569 1259 1637 1301 Fr.
1669 1259 1882 1313 Gronovii,

440 1399 463 1436 1)
489 1396 529 1430 Si
554 1395 613 1438 qui
638 1393 933 1428 dissertationem
968 1403 1084 1427 meam
1120 1391 1328 1437 diligentius
1364 1392 1559 1435 pei-lecturi
1583 1397 1621 1428 et
1645 1394 1886 1429 examinaturi

302 1458 395 1491 sunt,
432 1453 465 1487 ei
488 1452 579 1486 hanc
603 1450 910 1494 Kiesslingianam
936 1449 1145 1491 editionem,
1180 1458 1249 1492 qua
1273 1448 1381 1482 etiam
1405 1449 1441 1483 in
1466 1449 1676 1484 denotandis
1700 1450 1788 1485 locis
1812 1449 1886 1484 ubi-

302 1521 368 1553 que
388 1514 482 1547 utar,
508 1517 648 1551 semper
664 1507 769 1541 velini
783 1506 827 1540 ad
843 1501 1174 1545 nianum'habeant3
1192 1514 1299 1547 saepe
1317 1504 1421 1547 enim,
1442 1515 1487 1540 ne
1504 1506 1626 1540 videar
1640 1508 1885 1553 μακρολογεῖν,

301 1576 360 1600 res
385 1575 464 1599 inea
489 1563 655 1608 opinione
677 1562 832 1597 leviores
857 1561 1020 1596 consulto
1043 1560 1260 1604 praeteribo,
1294 1570 1419 1603 neque,
1444 1572 1466 1595 a
1495 1571 1562 1605 quo
1587 1571 1746 1605 quaeque
1770 1571 1887 1596 emen-

302 1622 398 1656 datio
422 1621 479 1655 vel
503 1623 604 1654 certa
627 1618 685 1653 vel
707 1617 909 1661 probabilis,
936 1627 1006 1660 qua
1029 1626 1108 1651 cum
1131 1615 1191 1651 illo
1215 1619 1310 1658 utar,
1333 1618 1498 1659 profect-a
1523 1617 1580 1656 sit,
1605 1616 1818 1652 memorabo.

434 1700 470 1739 2)
497 1698 692 1741 Praecipue
728 1697 763 1730 in
795 1696 871 1730 eius
895 1695 1000 1730 laude
1023 1695 1225 1738 ponendum
1250 1698 1322 1733 est,
1347 1695 1440 1738 quod
1464 1699 1641 1740 excerpta,
1665 1707 1686 1730 a
1708 1695 1887 1739 prioribus

303 1755 499 1791 editoribus
523 1754 627 1788 nimis
652 1752 840 1787 fastidiose
865 1755 1002 1795 spreta,
1038 1751 1116 1785 fere
1149 1751 1276 1794 ubique
1310 1752 1508 1795 prudenter
1530 1755 1567 1786 et
1591 1755 1695 1786 caute
1718 1751 1888 1786 adhibuit.

303 1813 525 1856 Quamquam
550 1814 617 1852 est,
640 1808 701 1843 ubi
725 1808 768 1842 ab
793 1807 870 1841 eius
894 1806 1095 1841 rationibus
1118 1807 1357 1842 recedendum
1380 1807 1557 1842 videatur.
1603 1806 1717 1842 Velut
1741 1808 1887 1842 Contr.

303 1867 390 1903 VH.
418 1868 500 1905 173.
525 1876 556 1908 p.
581 1866 679 1903 315AE
705 1862 888 1898 sententia
911 1865 1036 1906 aperte
1060 1862 1210 1906 flagitat,
1244 1865 1285 1896 111
1309 1861 1488 1897 scribatur
1511 1863 1704 1897 secundum
1720 1866 1890 1906 excerpta

303 1934 373 1958 ηοη
397 1921 600 1957 credidisset
622 1918 815 1966 Popillium
829 1919 1059 1964 facturum
1082 1918 1229 1960 (Kiessl.
1257 1918 1355 1953 codd.
1379 1918 1557 1961 pleniores
1582 1921 1728 1953 secutus
1743 1918 1888 1964 secisse)

304 1979 493 2015 Antonius,
515 1977 585 2012 m‘sz·
606 1977 644 2011 in
677 1980 822 2010 mentem
846 1974 898 2009 illi
922 1975 1067 2010 venisset
1100 1973 1199 2009 illum
1229 1979 1260 2009 et
1277 1974 1515 2021 parricidium
1530 1974 1671 2020 secisse.
1696 1993 1739 1998 —
1765 1973 1889 2017 Neque

303 2034 394 2068 bene
419 2033 561 2067 Contr.
588 2030 710 2065 VIIII.
735 2032 821 2070 242.
844 2040 877 2073 p·
901 2031 1037 2072 39:224:
1075 2058 1081 2064 .
1107 2057 1114 2064 .
1141 2057 1149 2064 .
1185 2029 1282 2077 quod
1308 2028 1403 2064 illius
1433 2028 1689 2064 calamitatium
1713 2030 1891 2065 exitium

296 2090 374 2135 fuit
398 2099 529 2130 carcer,
551 2098 708 2122 mearum
734 2087 870 2121 initium
895 2085 1054 2120 codicum
1077 2085 1143 2120 AB
1174 2085 1349 2128 scriptura
1373 2086 1501 2120 emitum
1522 2084 1695 2128 pellectus
1719 2085 1892 2130 frigidum

307 2145 423 2179 iocum
446 2143 580 2184 intulit,
605 2142 772 2187 neglecta
797 2142 930 2185 optima
954 2141 1086 2176 codicis
1112 2141 1142 2176 Τ
1166 2141 1320 2176 lectione
1344 2143 1497 2183 eritas,
1521 2151 1611 2184 quae
1639 2140 1749 2175 etiam
1772 2150 1892 2175 excer-

306 2201 377 2244 ptis
395 2201 637 2243 confirmatur,
653 2218 696 2222 —
714 2208 793 2232 cum
816 2198 1031 2241 praesertim
1055 2201 1245 2241 appareat,
1276 2207 1381 2240 quam
1405 2196 1509 2231 facile
1531 2201 1614 2240 post
1638 2196 1893 2232 calamitatium

306 2256 365 2290 ille
383 2266 483 2290 error
498 2255 598 2289 nasci
613 2255 780 2298 potuerit.
806 2273 847 2277 —
874 2254 1019 2288 Contr.
1045 2252 1172 2288 VIIII.
1195 2255 1283 2296 28,6.
1305 2263 1339 2296 p.
1363 2254 1461 2291 4329
1492 2252 1691 2296 asyndeton
1715 2252 1894 2298 coniugem

308 2311 434 2347 liberos
458 2312 529 2346 eius
552 2310 589 2344 in
612 2309 674 2344 illa
697 2310 811 2344 totius
837 2309 1011 2344 orationis
1036 2309 1319 2344 conformatione
1342 2309 1431 2343 ferri
1458 2308 1593 2351 nequit,
1623 2311 1750 2351 estque
1777 2316 1894 2341 corre-

310 2367 381 2401 ctio
395 2366 597 2400 certissima
610 2375 714 2408 quam
730 2365 961 2408 suppeditant
974 2368 1144 2408 excerpta
1167 2363 1425 2412 liberosque.
1449 2383 1492 2387 ——
1516 2363 1673 2398 Gravius
1696 2372 1801 2407 porro
1826 2365 1894 2397 est.

311 2422 403 2466 quod
428 2422 456 2456 O
471 2424 580 2455 ontr.
605 2420 653 2455 ΙΙ.
678 2422 762 2461 11,7.
787 2431 820 2464 p.
847 2423 976 2462 18435,
1001 2421 1095 2456 sicut
1116 2420 1370 2465 pervulgatum
1401 2423 1495 2458 erat,
1520 2419 1644 2454 edidit:
1669 2418 1835 2464 Ayedum
1857 2419 1894 2453 in

309 2478 471 2520 medium,
493 2488 608 2514 senem.
631 2478 727 2512 cuius
750 2477 992 2513 misericordia
1016 2476 1166 2513 erudelis
1182 2488 1281 2519 sum5
1305 2486 1372 2520 ego
1397 2479 1496 2510 certe
1513 2475 1597 2509 talis
1622 2473 1752 2517 ellipsis
1777 2483 1894 2508 exem-

309 2534 407 2577 plum
429 2533 565 2567 nullum
588 2532 681 2567 novi.
732 2533 811 2567 Iam
845 2543 930 2567 vero
968 2543 1072 2576 quem
1108 2532 1352 2567 desideramus
1382 2531 1643 2575 imperativum,
1674 2532 1839 2564 servatus
1863 2529 1894 2564 is

312 2592 369 2624 est
391 2590 427 2623 in
451 2588 630 2632 excerptis
655 2598 745 2632 quae
769 2588 903 2623 habent
920 2587 1081 2635 procede.
1128 2588 1388 2632 Reponendum
1410 2587 1525 2631 igitur
1548 2595 1691 2621 censeo:
1718 2584 1896 2631 ayedum

314 2644 528 2692 (procede)
565 2646 599 2679 in
635 2644 795 2679 medium.
821 2671 828 2678 .
854 2674 857 2677 .
921 2644 1025 2688 Quod
1060 2648 1181 2678 autem
1217 2644 1275 2687 qui
1310 2646 1480 2686 excerpta
1504 2642 1655 2677 confecit
1687 2639 1897 2675 vocabulum

313 2699 464 2747 agedum
499 2700 627 2737 omisit,
665 2710 728 2734 suo
766 2710 865 2734 more
900 2699 994 2734 fecit.
1055 2699 1228 2734 Similiter
1262 2709 1294 2742 p.
1331 2700 1429 2739 4422
1463 2699 1510 2732 H.
1536 2698 1569 2733 J.
1592 2696 1790 2732 Muellerus
1816 2695 1896 2739 (cfr.

312 2755 477 2790 Fleckeis
525 2766 605 2789 ann.
631 2755 907 2799 GV11.p.55›2)
946 2755 1043 2789 inter
1078 2765 1117 2790 se
1152 2754 1368 2798 comparatis
1405 2757 1443 2788 et
1477 2751 1676 2788 coniunctis
1699 2750 1896 2794 pleniorum

315 2811 474 2847 codicum
491 2815 809 2855 excerptorumque
834 2811 1022 2854 scripturis
1047 2811 1206 2846 Senecae
1229 2820 1372 2844 manum
1396 2809 1569 2844 restituit.
1591 2828 1635 2833 —
1657 2805 1832 2848 Denique,
1854 2808 1898 2839 ut

314 2867 479 2903 ultimum
503 2867 571 2901 hoc
594 2866 756 2905 afferam,
781 2877 853 2902 non
875 2866 1001 2910 probo,
1027 2866 1120 2910 quod
1144 2866 1296 2901 Contr.
1319 2865 1365 2901 X.
1389 2867 1498 2906 3216.
1522 2875 1554 2908 p.
1578 2864 1698 2906 48934
1721 2860 1897 2905 epitomae
