<?xml version="1.0" encoding="UTF-8"?>
<!DOCTYPE html PUBLIC "-//W3C//DTD XHTML 1.0 Transitional//EN"
    "http://www.w3.org/TR/xhtml1/DTD/xhtml1-transitional.dtd">
<html xmlns="http://www.w3.org/1999/xhtml" xml:lang="en" lang="en">
 <head>
  <title>
</title>
<meta http-equiv="Content-Type" content="text/html;charset=utf-8" />
  <meta name='ocr-system' content='tesseract 3.04.00' />
  <meta name='ocr-capabilities' content='ocr_page ocr_carea ocr_par ocr_line ocrx_word'/>
</head>
<body>
  <div class='ocr_page' id='page_1' title='image "./schedaecriticaei00thomuoft_0037.png"; bbox 0 0 2050 3324; ppageno 0'>
   <div class='ocr_carea' id='block_1_1' title="bbox 144 334 1720 821">
    <p class='ocr_par' dir='ltr' id='par_1_1' title="bbox 144 334 1720 821">
     <span class='ocr_line' id='line_1_1' title="bbox 281 334 1712 392; baseline 0.001 -16"><span class='ocrx_word' id='word_1_1' title='bbox 281 334 369 377; x_wconf 79' lang='lat' dir='ltr'><em>Iam</em></span> <span class='ocrx_word' id='word_1_2' title='bbox 399 343 541 387; x_wconf 81' lang='lat' dir='ltr'><em>cetera,</em></span> <span class='ocrx_word' id='word_1_3' title='bbox 572 350 674 392; x_wconf 73' lang='lat' dir='ltr'><em>quae</em></span> <span class='ocrx_word' id='word_1_4' title='bbox 695 334 774 377; x_wconf 87' lang='lat' dir='ltr'><em>huc</em></span> <span class='ocrx_word' id='word_1_5' title='bbox 795 334 1002 376; x_wconf 86' lang='lat' dir='ltr'><em>referenda</em></span> <span class='ocrx_word' id='word_1_6' title='bbox 1034 334 1232 383; x_wconf 81' lang='lat' dir='ltr'><em>videntur,</em></span> <span class='ocrx_word' id='word_1_7' title='bbox 1255 335 1393 376; x_wconf 83' lang='lat' dir='ltr'><em>ordine</em></span> <span class='ocrx_word' id='word_1_8' title='bbox 1414 336 1712 392; x_wconf 79' lang='lat' dir='ltr'><strong>depromamus.</strong></span> 
     </span>
     <span class='ocr_line' id='line_1_2' title="bbox 146 403 1711 463; baseline 0.003 -16"><span class='ocrx_word' id='word_1_9' title='bbox 146 427 200 435; x_wconf 87' lang='grc'><em>--</em></span> <span class='ocrx_word' id='word_1_10' title='bbox 231 403 354 448; x_wconf 69' lang='lat' dir='ltr'><em>Suus</em></span> <span class='ocrx_word' id='word_1_11' title='bbox 384 406 461 449; x_wconf 86' lang='grc' dir='ltr'><em>ΠΙ.</em></span> <span class='ocrx_word' id='word_1_12' title='bbox 484 409 521 458; x_wconf 83' lang='grc'><em>2,</em></span> <span class='ocrx_word' id='word_1_13' title='bbox 552 423 590 463; x_wconf 89' lang='lat' dir='ltr'><em>p.</em></span> <span class='ocrx_word' id='word_1_14' title='bbox 611 407 732 458; x_wconf 80' lang='lat'><em>24,23</em></span> <span class='ocrx_word' id='word_1_15' title='bbox 757 407 885 448; x_wconf 74' lang='lat' dir='ltr'><em>Cestii</em></span> <span class='ocrx_word' id='word_1_16' title='bbox 905 407 982 447; x_wconf 75' lang='lat' dir='ltr'><em>Pii.</em></span> <span class='ocrx_word' id='word_1_17' title='bbox 1009 406 1080 447; x_wconf 73' lang='lat' dir='ltr'><em>Vos</em></span> <span class='ocrx_word' id='word_1_18' title='bbox 1100 422 1167 462; x_wconf 64' lang='lat'><em>(¹90</em></span> <span class='ocrx_word' id='word_1_19' title='bbox 1188 406 1370 458; x_wconf 51' lang='lat' dir='ltr'><em>adhuc-,U</em></span> <span class='ocrx_word' id='word_1_20' title='bbox 1392 408 1440 448; x_wconf 77' lang='lat' dir='ltr'><em>di</em></span> <span class='ocrx_word' id='word_1_21' title='bbox 1457 410 1711 460; x_wconf 63' lang='lat' dir='ltr'><em>l‘ttcttzortalae,</em></span> 
     </span>
     <span class='ocr_line' id='line_1_3' title="bbox 147 477 1716 536; baseline 0.001 -18"><span class='ocrx_word' id='word_1_22' title='bbox 147 478 312 519; x_wconf 76' lang='lat' dir='ltr'><em>invoco.-</em></span> <span class='ocrx_word' id='word_1_23' title='bbox 339 480 399 520; x_wconf 73' lang='lat' dir='ltr'><em>sic</em></span> <span class='ocrx_word' id='word_1_24' title='bbox 428 479 633 520; x_wconf 75' lang='lat' dir='ltr'><strong><em>reclusuri</em></strong></span> <span class='ocrx_word' id='word_1_25' title='bbox 657 479 751 519; x_wconf 79' lang='lat' dir='ltr'><em>estis</em></span> <span class='ocrx_word' id='word_1_26' title='bbox 781 479 937 518; x_wconf 73' lang='lat' dir='ltr'><em>maria?</em></span> <span class='ocrx_word' id='word_1_27' title='bbox 964 477 1109 518; x_wconf 71' lang='lat' dir='ltr'><em>obstate</em></span> <span class='ocrx_word' id='word_1_28' title='bbox 1133 479 1282 533; x_wconf 57' lang='lat' dir='ltr'><em>potius</em></span> <span class='ocrx_word' id='word_1_29' title='bbox 1341 479 1563 520; x_wconf 67' lang='lat' dir='ltr'><em>Accuratae</em></span> <span class='ocrx_word' id='word_1_30' title='bbox 1593 495 1716 536; x_wconf 83' lang='lat' dir='ltr'><em>oppo-</em></span> 
     </span>
     <span class='ocr_line' id='line_1_4' title="bbox 148 547 1718 606; baseline 0.002 -17"><span class='ocrx_word' id='word_1_31' title='bbox 148 548 309 590; x_wconf 84' lang='lat' dir='ltr'><em>sitionis</em></span> <span class='ocrx_word' id='word_1_32' title='bbox 339 548 489 591; x_wconf 87' lang='lat' dir='ltr'><em>indicio</em></span> <span class='ocrx_word' id='word_1_33' title='bbox 510 557 572 591; x_wconf 80' lang='lat' dir='ltr'><em>est</em></span> <span class='ocrx_word' id='word_1_34' title='bbox 590 551 747 606; x_wconf 78' lang='lat' dir='ltr'><em>potius,</em></span> <span class='ocrx_word' id='word_1_35' title='bbox 778 555 898 603; x_wconf 85' lang='lat' dir='ltr'><em>atque</em></span> <span class='ocrx_word' id='word_1_36' title='bbox 929 547 1021 588; x_wconf 87' lang='lat' dir='ltr'><em>inde</em></span> <span class='ocrx_word' id='word_1_37' title='bbox 1050 548 1185 601; x_wconf 80' lang='lat' dir='ltr'>colligi</span> <span class='ocrx_word' id='word_1_38' title='bbox 1217 557 1345 604; x_wconf 75' lang='lat' dir='ltr'><em>potest</em></span> <span class='ocrx_word' id='word_1_39' title='bbox 1376 551 1559 591; x_wconf 64' lang='lat' dir='ltr'><em>sanitatis</em></span> <span class='ocrx_word' id='word_1_40' title='bbox 1590 552 1718 606; x_wconf 68' lang='lat' dir='ltr'><em>speeie</em></span> 
     </span>
     <span class='ocr_line' id='line_1_5' title="bbox 146 618 1719 665; baseline 0.003 -4"><span class='ocrx_word' id='word_1_41' title='bbox 146 618 287 662; x_wconf 76' lang='lat' dir='ltr'><em>fallere</em></span> <span class='ocrx_word' id='word_1_42' title='bbox 331 621 576 663; x_wconf 81' lang='lat' dir='ltr'><em>vocabulum</em></span> <span class='ocrx_word' id='word_1_43' title='bbox 621 621 780 662; x_wconf 78' lang='lat' dir='ltr'><em>obstate.</em></span> <span class='ocrx_word' id='word_1_44' title='bbox 852 619 999 661; x_wconf 88' lang='lat' dir='ltr'><em>Procul</em></span> <span class='ocrx_word' id='word_1_45' title='bbox 1043 619 1165 660; x_wconf 83' lang='lat' dir='ltr'><em>dubio</em></span> <span class='ocrx_word' id='word_1_46' title='bbox 1210 620 1501 661; x_wconf 65' lang='lat' dir='ltr'><em>restituendum</em></span> <span class='ocrx_word' id='word_1_47' title='bbox 1544 630 1620 663; x_wconf 67' lang='lat' dir='ltr'><em>est:</em></span> <span class='ocrx_word' id='word_1_48' title='bbox 1660 625 1719 665; x_wconf 79' lang='lat' dir='ltr'><em>sic</em></span> 
     </span>
     <span class='ocr_line' id='line_1_6' title="bbox 144 690 1720 748; baseline 0.001 -14"><span class='ocrx_word' id='word_1_49' title='bbox 144 692 350 734; x_wconf 72' lang='lat' dir='ltr'><em>reclusuri</em></span> <span class='ocrx_word' id='word_1_50' title='bbox 375 695 469 734; x_wconf 78' lang='lat' dir='ltr'><em>estis</em></span> <span class='ocrx_word' id='word_1_51' title='bbox 498 694 657 734; x_wconf 75' lang='lat' dir='ltr'><em>maria?</em></span> <span class='ocrx_word' id='word_1_52' title='bbox 690 693 933 734; x_wconf 72' lang='lat' dir='ltr'><em>obstruite</em></span> <span class='ocrx_word' id='word_1_53' title='bbox 953 692 1138 748; x_wconf 73' lang='lat' dir='ltr'><em>potius.</em></span> <span class='ocrx_word' id='word_1_54' title='bbox 1199 690 1263 732; x_wconf 82' lang='lat' dir='ltr'><em>Cf.</em></span> <span class='ocrx_word' id='word_1_55' title='bbox 1295 706 1332 746; x_wconf 85' lang='lat' dir='ltr'><em>p.</em></span> <span class='ocrx_word' id='word_1_56' title='bbox 1363 693 1455 745; x_wconf 78' lang='lat'><em>25,4</em></span> <span class='ocrx_word' id='word_1_57' title='bbox 1485 694 1568 734; x_wconf 71' lang='lat' dir='ltr'><em>Ista</em></span> <span class='ocrx_word' id='word_1_58' title='bbox 1588 696 1720 736; x_wconf 80' lang='lat' dir='ltr'><em>maria</em></span> 
     </span>
     <span class='ocr_line' id='line_1_7' title="bbox 145 762 1341 821; baseline -0.002 -16"><span class='ocrx_word' id='word_1_59' title='bbox 145 764 189 805; x_wconf 75' lang='lat' dir='ltr'><em>ei</em></span> <span class='ocrx_word' id='word_1_60' title='bbox 212 765 375 806; x_wconf 81' lang='lat' dir='ltr'><em>numine</em></span> <span class='ocrx_word' id='word_1_61' title='bbox 402 780 474 806; x_wconf 80' lang='lat' dir='ltr'><em>suo</em></span> <span class='ocrx_word' id='word_1_62' title='bbox 505 764 602 806; x_wconf 76' lang='lat' dir='ltr'><em>deus</em></span> <span class='ocrx_word' id='word_1_63' title='bbox 631 773 793 821; x_wconf 73' lang='lat' dir='ltr'><em>reyeret,</em></span> <span class='ocrx_word' id='word_1_64' title='bbox 824 763 1020 805; x_wconf 80' lang='lat' dir='ltr'><em>adulteris</em></span> <span class='ocrx_word' id='word_1_65' title='bbox 1049 762 1341 804; x_wconf 69' lang='lat' dir='ltr'><em>clauderentur.</em></span> 
     </span>
    </p>
   </div>
   <div class='ocr_carea' id='block_1_2' title="bbox 134 844 1730 2339">
    <p class='ocr_par' dir='ltr' id='par_1_2' title="bbox 134 844 1730 2339">
     <span class='ocr_line' id='line_1_8' title="bbox 278 844 1720 904; baseline 0.001 -16"><span class='ocrx_word' id='word_1_66' title='bbox 278 844 422 889; x_wconf 80' lang='lat' dir='ltr'><em>Suas.</em></span> <span class='ocrx_word' id='word_1_67' title='bbox 453 846 527 888; x_wconf 87' lang='lat' dir='ltr'><em>IV.</em></span> <span class='ocrx_word' id='word_1_68' title='bbox 551 849 589 889; x_wconf 84' lang='lat'><em>2.</em></span> <span class='ocrx_word' id='word_1_69' title='bbox 613 862 651 903; x_wconf 86' lang='lat' dir='ltr'><em>p.</em></span> <span class='ocrx_word' id='word_1_70' title='bbox 674 846 817 898; x_wconf 79' lang='grc'>28,22;</span> <span class='ocrx_word' id='word_1_71' title='bbox 847 847 930 898; x_wconf 78' lang='lat' dir='ltr'><em>Qui</em></span> <span class='ocrx_word' id='word_1_72' title='bbox 954 862 1047 888; x_wconf 86' lang='lat' dir='ltr'><em>vero</em></span> <span class='ocrx_word' id='word_1_73' title='bbox 1078 847 1121 887; x_wconf 82' lang='lat' dir='ltr'><em>in</em></span> <span class='ocrx_word' id='word_1_74' title='bbox 1150 845 1283 887; x_wconf 72' lang='lat' dir='ltr'><em>media</em></span> <span class='ocrx_word' id='word_1_75' title='bbox 1311 862 1364 899; x_wconf 77' lang='lat' dir='ltr'><em>se,</em></span> <span class='ocrx_word' id='word_1_76' title='bbox 1395 857 1435 888; x_wconf 83' lang='lat' dir='ltr'><em>ut</em></span> <span class='ocrx_word' id='word_1_77' title='bbox 1462 848 1720 904; x_wconf 72' lang='lat' dir='ltr'><em>praedicant,</em></span> 
     </span>
     <span class='ocr_line' id='line_1_9' title="bbox 134 918 1721 976; baseline 0.001 -16"><span class='ocrx_word' id='word_1_78' title='bbox 134 918 328 975; x_wconf 82' lang='lat' dir='ltr'><em>fatorum</em></span> <span class='ocrx_word' id='word_1_79' title='bbox 357 920 501 961; x_wconf 77' lang='lat' dir='ltr'><em>misere</em></span> <span class='ocrx_word' id='word_1_80' title='bbox 521 920 703 976; x_wconf 75' lang='lat' dir='ltr'><em>piynora</em></span> <span class='ocrx_word' id='word_1_81' title='bbox 732 919 886 960; x_wconf 78' lang='lat' dir='ltr'><em>natales</em></span> <span class='ocrx_word' id='word_1_82' title='bbox 916 919 1127 974; x_wconf 82' lang='lat' dir='ltr'><em>inquirunt</em></span> <span class='ocrx_word' id='word_1_83' title='bbox 1164 927 1198 959; x_wconf 86' lang='lat' dir='ltr'><em>et</em></span> <span class='ocrx_word' id='word_1_84' title='bbox 1225 919 1409 974; x_wconf 69' lang='lat' dir='ltr'><em>primam</em></span> <span class='ocrx_word' id='word_1_85' title='bbox 1452 921 1545 961; x_wconf 82' lang='lat' dir='ltr'><em>aevi</em></span> <span class='ocrx_word' id='word_1_86' title='bbox 1583 921 1721 961; x_wconf 75' lang='lat' dir='ltr'><em>horam</em></span> 
     </span>
     <span class='ocr_line' id='line_1_10' title="bbox 144 990 1723 1047; baseline 0.001 -15"><span class='ocrx_word' id='word_1_87' title='bbox 144 990 323 1032; x_wconf 77' lang='lat' dir='ltr'><em>omnium</em></span> <span class='ocrx_word' id='word_1_88' title='bbox 352 1005 550 1032; x_wconf 86' lang='lat' dir='ltr'><em>annorum</em></span> <span class='ocrx_word' id='word_1_89' title='bbox 579 990 720 1031; x_wconf 66' lang='lat' dir='ltr'><em>liabent</em></span> <span class='ocrx_word' id='word_1_90' title='bbox 748 991 942 1040; x_wconf 85' lang='lat' dir='ltr'><em>nuntiam,</em></span> <span class='ocrx_word' id='word_1_91' title='bbox 982 1005 1060 1045; x_wconf 85' lang='lat' dir='ltr'><em>quo</em></span> <span class='ocrx_word' id='word_1_92' title='bbox 1089 990 1211 1030; x_wconf 80' lang='lat' dir='ltr'><em>ierint</em></span> <span class='ocrx_word' id='word_1_93' title='bbox 1238 999 1344 1032; x_wconf 82' lang='lat' dir='ltr'><em>motu</em></span> <span class='ocrx_word' id='word_1_94' title='bbox 1373 990 1521 1042; x_wconf 82' lang='lat' dir='ltr'><em>sidera,</em></span> <span class='ocrx_word' id='word_1_95' title='bbox 1552 992 1594 1033; x_wconf 86' lang='lat' dir='ltr'><em>in</em></span> <span class='ocrx_word' id='word_1_96' title='bbox 1625 1009 1723 1047; x_wconf 75' lang='lat' dir='ltr'><em>qua-s</em></span> 
     </span>
     <span class='ocr_line' id='line_1_11' title="bbox 145 1060 1725 1119; baseline 0.001 -16"><span class='ocrx_word' id='word_1_97' title='bbox 145 1061 467 1104; x_wconf 72' lang='lat' dir='ltr'><em>discucurrerint</em></span> <span class='ocrx_word' id='word_1_98' title='bbox 491 1069 645 1119; x_wconf 74' lang='lat' dir='ltr'><em>parte-3,</em></span> <span class='ocrx_word' id='word_1_99' title='bbox 686 1069 874 1103; x_wconf 78' lang='lat' dir='ltr'><em>contrane</em></span> <span class='ocrx_word' id='word_1_100' title='bbox 905 1060 1002 1102; x_wconf 80' lang='lat' dir='ltr'><em>deus</em></span> <span class='ocrx_word' id='word_1_101' title='bbox 1030 1061 1198 1111; x_wconf 82' lang='lat' dir='ltr'><em>steterit,</em></span> <span class='ocrx_word' id='word_1_102' title='bbox 1229 1077 1280 1102; x_wconf 83' lang='lat' dir='ltr'><em>an</em></span> <span class='ocrx_word' id='word_1_103' title='bbox 1304 1061 1498 1118; x_wconf 76' lang='lat' dir='ltr'><em>placidus</em></span> <span class='ocrx_word' id='word_1_104' title='bbox 1527 1064 1725 1118; x_wconf 74' lang='lat' dir='ltr'><em>affulserit</em></span> 
     </span>
     <span class='ocr_line' id='line_1_12' title="bbox 143 1132 1722 1191; baseline 0 -15"><span class='ocrx_word' id='word_1_105' title='bbox 143 1134 224 1187; x_wconf 76' lang='lat' dir='ltr'><em>80l3</em></span> <span class='ocrx_word' id='word_1_106' title='bbox 252 1150 306 1176; x_wconf 83' lang='lat' dir='ltr'><em>an</em></span> <span class='ocrx_word' id='word_1_107' title='bbox 329 1134 496 1191; x_wconf 79' lang='lat' dir='ltr'><em>plenam</em></span> <span class='ocrx_word' id='word_1_108' title='bbox 525 1135 662 1186; x_wconf 79' lang='lat' dir='ltr'><em>lucem,</em></span> <span class='ocrx_word' id='word_1_109' title='bbox 693 1132 774 1185; x_wconf 85' lang='lat' dir='ltr'><em>(an)</em></span> <span class='ocrx_word' id='word_1_110' title='bbox 804 1134 925 1174; x_wconf 80' lang='lat' dir='ltr'><em>initia</em></span> <span class='ocrx_word' id='word_1_111' title='bbox 953 1134 1153 1190; x_wconf 65' lang='lat' dir='ltr'><em>surgentis</em></span> <span class='ocrx_word' id='word_1_112' title='bbox 1183 1134 1392 1189; x_wconf 73' lang='lat' dir='ltr'><em>acceperit,</em></span> <span class='ocrx_word' id='word_1_113' title='bbox 1438 1150 1487 1175; x_wconf 87' lang='lat' dir='ltr'><em>an</em></span> <span class='ocrx_word' id='word_1_114' title='bbox 1520 1133 1722 1176; x_wconf 77' lang='lat' dir='ltr'><em>abdiderit</em></span> 
     </span>
     <span class='ocr_line' id='line_1_13' title="bbox 143 1203 1725 1262; baseline 0 -15"><span class='ocrx_word' id='word_1_115' title='bbox 143 1206 189 1248; x_wconf 81' lang='lat' dir='ltr'><em>in</em></span> <span class='ocrx_word' id='word_1_116' title='bbox 220 1214 373 1247; x_wconf 81' lang='lat' dir='ltr'><em>noctem</em></span> <span class='ocrx_word' id='word_1_117' title='bbox 402 1205 613 1247; x_wconf 83' lang='lat' dir='ltr'><em>obscurum</em></span> <span class='ocrx_word' id='word_1_118' title='bbox 642 1212 764 1262; x_wconf 78' lang='lat' dir='ltr'><em>caput</em></span> <span class='ocrx_word' id='word_1_119' title='bbox 793 1204 910 1257; x_wconf 59' lang='lat' dir='ltr'><em>lama,-</em></span> <span class='ocrx_word' id='word_1_120' title='bbox 945 1203 1145 1246; x_wconf 74' lang='lat' dir='ltr'><em>Saturnus</em></span> <span class='ocrx_word' id='word_1_121' title='bbox 1173 1213 1412 1256; x_wconf 81' lang='lat' dir='ltr'><em>nascentem,</em></span> <span class='ocrx_word' id='word_1_122' title='bbox 1451 1222 1503 1246; x_wconf 81' lang='lat' dir='ltr'><em>an</em></span> <span class='ocrx_word' id='word_1_123' title='bbox 1539 1205 1596 1246; x_wconf 89' lang='lat' dir='ltr'><em>ad</em></span> <span class='ocrx_word' id='word_1_124' title='bbox 1623 1206 1725 1247; x_wconf 82' lang='lat' dir='ltr'><em>bella</em></span> 
     </span>
     <span class='ocr_line' id='line_1_14' title="bbox 144 1276 1723 1334; baseline -0.001 -15"><span class='ocrx_word' id='word_1_125' title='bbox 144 1276 264 1319; x_wconf 78' lang='lat' dir='ltr'><em>Mars</em></span> <span class='ocrx_word' id='word_1_126' title='bbox 291 1277 472 1327; x_wconf 83' lang='lat' dir='ltr'><em>militem,</em></span> <span class='ocrx_word' id='word_1_127' title='bbox 503 1293 555 1318; x_wconf 84' lang='lat' dir='ltr'><em>an</em></span> <span class='ocrx_word' id='word_1_128' title='bbox 583 1277 828 1333; x_wconf 67' lang='lat' dir='ltr'><em>negotiosum</em></span> <span class='ocrx_word' id='word_1_129' title='bbox 865 1276 908 1317; x_wconf 83' lang='lat' dir='ltr'><em>in</em></span> <span class='ocrx_word' id='word_1_130' title='bbox 947 1283 1134 1330; x_wconf 79' lang='lat' dir='ltr'><em>quaestus</em></span> <span class='ocrx_word' id='word_1_131' title='bbox 1173 1276 1401 1318; x_wconf 78' lang='lat' dir='ltr'><em>Mercurius</em></span> <span class='ocrx_word' id='word_1_132' title='bbox 1430 1279 1641 1334; x_wconf 69' lang='lat' dir='ltr'><em>eoeceperit,</em></span> <span class='ocrx_word' id='word_1_133' title='bbox 1671 1294 1723 1318; x_wconf 86' lang='lat' dir='ltr'><em>an</em></span> 
     </span>
     <span class='ocr_line' id='line_1_15' title="bbox 146 1348 1725 1405; baseline 0 -15"><span class='ocrx_word' id='word_1_134' title='bbox 146 1348 298 1391; x_wconf 75' lang='lat' dir='ltr'><em>blanda</em></span> <span class='ocrx_word' id='word_1_135' title='bbox 326 1348 515 1390; x_wconf 83' lang='lat' dir='ltr'><em>adnuerit</em></span> <span class='ocrx_word' id='word_1_136' title='bbox 542 1348 726 1390; x_wconf 79' lang='lat' dir='ltr'><em>nascenti</em></span> <span class='ocrx_word' id='word_1_137' title='bbox 752 1348 892 1400; x_wconf 56' lang='lat' dir='ltr'><em>Venus,</em></span> <span class='ocrx_word' id='word_1_138' title='bbox 923 1364 976 1390; x_wconf 86' lang='lat' dir='ltr'><em>an</em></span> <span class='ocrx_word' id='word_1_139' title='bbox 1005 1364 1055 1389; x_wconf 71' lang='lat' dir='ltr'><em>ea:</em></span> <span class='ocrx_word' id='word_1_140' title='bbox 1083 1348 1232 1390; x_wconf 75' lang='lat' dir='ltr'><em>humili</em></span> <span class='ocrx_word' id='word_1_141' title='bbox 1263 1349 1305 1389; x_wconf 85' lang='lat' dir='ltr'><em>in.</em></span> <span class='ocrx_word' id='word_1_142' title='bbox 1342 1349 1507 1390; x_wconf 80' lang='lat' dir='ltr'><em>sublime</em></span> <span class='ocrx_word' id='word_1_143' title='bbox 1535 1349 1725 1405; x_wconf 62' lang='lat' dir='ltr'><em>juppiter</em></span> 
     </span>
     <span class='ocr_line' id='line_1_16' title="bbox 145 1419 1721 1476; baseline -0.002 -13"><span class='ocrx_word' id='word_1_144' title='bbox 145 1421 283 1463; x_wconf 78' lang='lat' dir='ltr'><em>tulerit</em></span> <span class='ocrx_word' id='word_1_145' title='bbox 311 1421 550 1463; x_wconf 83' lang='lat' dir='ltr'><em>aestimant:</em></span> <span class='ocrx_word' id='word_1_146' title='bbox 579 1429 633 1461; x_wconf 88' lang='lat' dir='ltr'><em>tot</em></span> <span class='ocrx_word' id='word_1_147' title='bbox 662 1421 774 1461; x_wconf 85' lang='lat' dir='ltr'><em>circa</em></span> <span class='ocrx_word' id='word_1_148' title='bbox 801 1435 925 1461; x_wconf 85' lang='lat' dir='ltr'><em>unum</em></span> <span class='ocrx_word' id='word_1_149' title='bbox 954 1427 1075 1476; x_wconf 74' lang='lat' dir='ltr'><em>caput</em></span> <span class='ocrx_word' id='word_1_150' title='bbox 1103 1420 1380 1462; x_wconf 76' lang='lat' dir='ltr'><em>tumultuantis</em></span> <span class='ocrx_word' id='word_1_151' title='bbox 1402 1419 1522 1461; x_wconf 79' lang='lat' dir='ltr'><em>deos!</em></span> <span class='ocrx_word' id='word_1_152' title='bbox 1574 1419 1721 1462; x_wconf 89' lang='lat' dir='ltr'><em>Facere</em></span> 
     </span>
     <span class='ocr_line' id='line_1_17' title="bbox 146 1489 1725 1548; baseline 0 -14"><span class='ocrx_word' id='word_1_153' title='bbox 146 1506 232 1534; x_wconf 86' lang='lat' dir='ltr'><em>non</em></span> <span class='ocrx_word' id='word_1_154' title='bbox 261 1491 387 1548; x_wconf 87' lang='lat' dir='ltr'><em>potui,</em></span> <span class='ocrx_word' id='word_1_155' title='bbox 425 1492 526 1546; x_wconf 91' lang='lat' dir='ltr'><em>quin</em></span> <span class='ocrx_word' id='word_1_156' title='bbox 555 1497 690 1533; x_wconf 88' lang='lat' dir='ltr'><em>totum</em></span> <span class='ocrx_word' id='word_1_157' title='bbox 717 1491 828 1532; x_wconf 86' lang='lat' dir='ltr'><em>hunc</em></span> <span class='ocrx_word' id='word_1_158' title='bbox 856 1490 991 1533; x_wconf 86' lang='lat' dir='ltr'><em>locum</em></span> <span class='ocrx_word' id='word_1_159' title='bbox 1020 1489 1318 1547; x_wconf 79' lang='grc' dir='ltr'><em>ἆστρολογικόν</em></span> <span class='ocrx_word' id='word_1_160' title='bbox 1353 1491 1469 1532; x_wconf 86' lang='lat' dir='ltr'><em>valde</em></span> <span class='ocrx_word' id='word_1_161' title='bbox 1498 1497 1725 1534; x_wconf 83' lang='lat' dir='ltr'><em>contortum</em></span> 
     </span>
     <span class='ocr_line' id='line_1_18' title="bbox 149 1562 1721 1620; baseline -0.001 -15"><span class='ocrx_word' id='word_1_162' title='bbox 149 1563 256 1606; x_wconf 87' lang='lat' dir='ltr'><em>sicut</em></span> <span class='ocrx_word' id='word_1_163' title='bbox 291 1562 398 1620; x_wconf 87' lang='lat' dir='ltr'><em>apud</em></span> <span class='ocrx_word' id='word_1_164' title='bbox 427 1563 728 1618; x_wconf 87' lang='lat' dir='ltr'><em>Kiesslingium</em></span> <span class='ocrx_word' id='word_1_165' title='bbox 771 1562 920 1617; x_wconf 87' lang='lat' dir='ltr'><em>legitur</em></span> <span class='ocrx_word' id='word_1_166' title='bbox 961 1562 1252 1606; x_wconf 84' lang='lat' dir='ltr'><em>exscriberem:</em></span> <span class='ocrx_word' id='word_1_167' title='bbox 1298 1578 1380 1604; x_wconf 93' lang='lat' dir='ltr'><em>non</em></span> <span class='ocrx_word' id='word_1_168' title='bbox 1423 1563 1532 1604; x_wconf 89' lang='lat' dir='ltr'><em>enim</em></span> <span class='ocrx_word' id='word_1_169' title='bbox 1575 1578 1721 1619; x_wconf 90' lang='lat' dir='ltr'><em>propo-</em></span> 
     </span>
     <span class='ocr_line' id='line_1_19' title="bbox 147 1633 1726 1691; baseline -0.001 -14"><span class='ocrx_word' id='word_1_170' title='bbox 147 1634 283 1677; x_wconf 79' lang='lat' dir='ltr'><em>nenda</em></span> <span class='ocrx_word' id='word_1_171' title='bbox 312 1635 553 1691; x_wconf 88' lang='lat' dir='ltr'><em>simpliciter</em></span> <span class='ocrx_word' id='word_1_172' title='bbox 580 1641 642 1677; x_wconf 88' lang='lat' dir='ltr'><em>est</em></span> <span class='ocrx_word' id='word_1_173' title='bbox 684 1634 822 1690; x_wconf 88' lang='lat' dir='ltr'><em>aliqua</em></span> <span class='ocrx_word' id='word_1_174' title='bbox 863 1633 1109 1686; x_wconf 86' lang='lat' dir='ltr'><em>emendatio,</em></span> <span class='ocrx_word' id='word_1_175' title='bbox 1147 1634 1217 1676; x_wconf 91' lang='lat' dir='ltr'><em>sed</em></span> <span class='ocrx_word' id='word_1_176' title='bbox 1256 1634 1491 1691; x_wconf 83' lang='lat' dir='ltr'><em>exponenda</em></span> <span class='ocrx_word' id='word_1_177' title='bbox 1532 1634 1649 1689; x_wconf 91' lang='lat' dir='ltr'><em>plura</em></span> <span class='ocrx_word' id='word_1_178' title='bbox 1677 1634 1726 1676; x_wconf 92' lang='lat' dir='ltr'><em>de</em></span> 
     </span>
     <span class='ocr_line' id='line_1_20' title="bbox 151 1704 1726 1760; baseline -0.001 -11"><span class='ocrx_word' id='word_1_179' title='bbox 151 1705 445 1750; x_wconf 82' lang='lat' dir='ltr'><em>conformanda</em></span> <span class='ocrx_word' id='word_1_180' title='bbox 473 1712 513 1748; x_wconf 91' lang='lat' dir='ltr'><em>et</em></span> <span class='ocrx_word' id='word_1_181' title='bbox 541 1705 829 1760; x_wconf 86' lang='lat' dir='ltr'><em>distinguenda</em></span> <span class='ocrx_word' id='word_1_182' title='bbox 848 1705 1041 1747; x_wconf 86' lang='lat' dir='ltr'><em>universa</em></span> <span class='ocrx_word' id='word_1_183' title='bbox 1061 1706 1253 1748; x_wconf 86' lang='lat' dir='ltr'><em>oratione.</em></span> <span class='ocrx_word' id='word_1_184' title='bbox 1310 1704 1430 1757; x_wconf 78' lang='lat' dir='ltr'><em>Quae</em></span> <span class='ocrx_word' id='word_1_185' title='bbox 1450 1706 1726 1760; x_wconf 85' lang='lat' dir='ltr'><em>Kiesslingius</em></span> 
     </span>
     <span class='ocr_line' id='line_1_21' title="bbox 148 1777 1724 1834; baseline -0.001 -14"><span class='ocrx_word' id='word_1_186' title='bbox 148 1777 276 1821; x_wconf 81' lang='lat' dir='ltr'><em>edidit</em></span> <span class='ocrx_word' id='word_1_187' title='bbox 302 1792 435 1834; x_wconf 88' lang='lat' dir='ltr'><em>neque</em></span> <span class='ocrx_word' id='word_1_188' title='bbox 463 1793 538 1834; x_wconf 88' lang='lat' dir='ltr'><em>ego</em></span> <span class='ocrx_word' id='word_1_189' title='bbox 558 1777 748 1832; x_wconf 74' lang='lat' dir='ltr'><em>intellego</em></span> <span class='ocrx_word' id='word_1_190' title='bbox 768 1791 899 1832; x_wconf 91' lang='lat' dir='ltr'><em>neque</em></span> <span class='ocrx_word' id='word_1_191' title='bbox 919 1791 1166 1832; x_wconf 83' lang='lat' dir='ltr'><em>quemquam</em></span> <span class='ocrx_word' id='word_1_192' title='bbox 1188 1778 1420 1832; x_wconf 83' lang='lat' dir='ltr'><em>intellegere</em></span> <span class='ocrx_word' id='word_1_193' title='bbox 1440 1784 1551 1834; x_wconf 88' lang='lat' dir='ltr'><em>puto.</em></span> <span class='ocrx_word' id='word_1_194' title='bbox 1609 1777 1724 1820; x_wconf 84' lang='lat' dir='ltr'><em>Haa—</em></span> 
     </span>
     <span class='ocr_line' id='line_1_22' title="bbox 155 1849 1726 1905; baseline -0.001 -13"><span class='ocrx_word' id='word_1_195' title='bbox 155 1850 262 1903; x_wconf 85' lang='lat' dir='ltr'><em>sius,</em></span> <span class='ocrx_word' id='word_1_196' title='bbox 291 1849 556 1902; x_wconf 88' lang='lat' dir='ltr'><em>Ribbeckius,</em></span> <span class='ocrx_word' id='word_1_197' title='bbox 587 1850 670 1905; x_wconf 83' lang='lat' dir='ltr'><em>alii,</em></span> <span class='ocrx_word' id='word_1_198' title='bbox 715 1849 768 1891; x_wconf 87' lang='lat' dir='ltr'><em>ad</em></span> <span class='ocrx_word' id='word_1_199' title='bbox 796 1850 931 1891; x_wconf 85' lang='lat' dir='ltr'><em>varias</em></span> <span class='ocrx_word' id='word_1_200' title='bbox 968 1849 1217 1892; x_wconf 72' lang='lat' dir='ltr'><em>conjecturas</em></span> <span class='ocrx_word' id='word_1_201' title='bbox 1253 1849 1538 1904; x_wconf 83' lang='lat' dir='ltr'><em>confugerunt3</em></span> <span class='ocrx_word' id='word_1_202' title='bbox 1579 1851 1726 1905; x_wconf 89' lang='lat' dir='ltr'><em>quibus</em></span> 
     </span>
     <span class='ocr_line' id='line_1_23' title="bbox 150 1920 1725 1979; baseline -0.001 -15"><span class='ocrx_word' id='word_1_203' title='bbox 150 1922 289 1965; x_wconf 77' lang='lat' dir='ltr'><em>missis</em></span> <span class='ocrx_word' id='word_1_204' title='bbox 317 1922 451 1979; x_wconf 89' lang='lat' dir='ltr'><em>potius</em></span> <span class='ocrx_word' id='word_1_205' title='bbox 481 1921 580 1978; x_wconf 81' lang='lat' dir='ltr'><em>quid</em></span> <span class='ocrx_word' id='word_1_206' title='bbox 608 1923 696 1979; x_wconf 86' lang='lat' dir='ltr'><em>ipse</em></span> <span class='ocrx_word' id='word_1_207' title='bbox 725 1922 1006 1979; x_wconf 83' lang='lat' dir='ltr'><em>exputaverim</em></span> <span class='ocrx_word' id='word_1_208' title='bbox 1037 1922 1174 1964; x_wconf 89' lang='lat' dir='ltr'><em>statim</em></span> <span class='ocrx_word' id='word_1_209' title='bbox 1205 1920 1352 1963; x_wconf 81' lang='lat' dir='ltr'><em>dicam.</em></span> <span class='ocrx_word' id='word_1_210' title='bbox 1410 1920 1569 1964; x_wconf 85' lang='lat' dir='ltr'><em>Censeo</em></span> <span class='ocrx_word' id='word_1_211' title='bbox 1608 1929 1725 1963; x_wconf 86' lang='lat' dir='ltr'><em>ante</em></span> 
     </span>
     <span class='ocr_line' id='line_1_24' title="bbox 151 1994 1727 2051; baseline -0.002 -14"><span class='ocrx_word' id='word_1_212' title='bbox 151 2011 230 2051; x_wconf 80' lang='lat' dir='ltr'><em>quo</em></span> <span class='ocrx_word' id='word_1_213' title='bbox 257 1996 380 2038; x_wconf 75' lang='lat' dir='ltr'><em>ierim</em></span> <span class='ocrx_word' id='word_1_214' title='bbox 406 2003 514 2038; x_wconf 85' lang='lat' dir='ltr'><em>motu</em></span> <span class='ocrx_word' id='word_1_215' title='bbox 542 1995 752 2050; x_wconf 83' lang='lat' dir='ltr'><em>gravius</em></span> <span class='ocrx_word' id='word_1_216' title='bbox 782 1994 1242 2051; x_wconf 86' lang='lat' dir='ltr'><em>interpungendum</em></span> <span class='ocrx_word' id='word_1_217' title='bbox 1271 2008 1378 2046; x_wconf 88' lang='lat' dir='ltr'><em>esse,</em></span> <span class='ocrx_word' id='word_1_218' title='bbox 1416 2008 1463 2036; x_wconf 90' lang='lat' dir='ltr'><em>ea</em></span> <span class='ocrx_word' id='word_1_219' title='bbox 1501 2008 1595 2035; x_wconf 86' lang='lat' dir='ltr'><em>vero</em></span> <span class='ocrx_word' id='word_1_220' title='bbox 1626 2008 1727 2048; x_wconf 87' lang='lat' dir='ltr'><em>quae</em></span> 
     </span>
     <span class='ocr_line' id='line_1_25' title="bbox 151 2064 1728 2122; baseline -0.002 -14"><span class='ocrx_word' id='word_1_221' title='bbox 151 2065 248 2108; x_wconf 86' lang='lat' dir='ltr'><em>inde</em></span> <span class='ocrx_word' id='word_1_222' title='bbox 277 2072 504 2122; x_wconf 90' lang='lat' dir='ltr'><em>sequuntur</em></span> <span class='ocrx_word' id='word_1_223' title='bbox 532 2066 670 2108; x_wconf 85' lang='lat' dir='ltr'><em>omnia</em></span> <span class='ocrx_word' id='word_1_224' title='bbox 699 2080 898 2122; x_wconf 88' lang='lat' dir='ltr'><em>suspensa</em></span> <span class='ocrx_word' id='word_1_225' title='bbox 917 2081 1005 2108; x_wconf 88' lang='lat' dir='ltr'><em>esse</em></span> <span class='ocrx_word' id='word_1_226' title='bbox 1032 2082 1082 2109; x_wconf 85' lang='lat' dir='ltr'><em>ex</em></span> <span class='ocrx_word' id='word_1_227' title='bbox 1102 2066 1226 2107; x_wconf 88' lang='lat' dir='ltr'><em>verbo</em></span> <span class='ocrx_word' id='word_1_228' title='bbox 1247 2066 1468 2107; x_wconf 83' lang='lat' dir='ltr'><em>aestimant.</em></span> <span class='ocrx_word' id='word_1_229' title='bbox 1526 2064 1728 2119; x_wconf 85' lang='lat' dir='ltr'><em>Deinceps</em></span> 
     </span>
     <span class='ocr_line' id='line_1_26' title="bbox 153 2137 1728 2195; baseline -0.002 -15"><span class='ocrx_word' id='word_1_230' title='bbox 153 2144 307 2195; x_wconf 83' lang='lat' dir='ltr'><em>reputa,</em></span> <span class='ocrx_word' id='word_1_231' title='bbox 337 2152 501 2194; x_wconf 80' lang='lat' dir='ltr'><em>quaeso,</em></span> <span class='ocrx_word' id='word_1_232' title='bbox 531 2139 841 2181; x_wconf 85' lang='lat' dir='ltr'><em>commemorari</em></span> <span class='ocrx_word' id='word_1_233' title='bbox 857 2138 1011 2194; x_wconf 83' lang='lat' dir='ltr'><em>lunam,</em></span> <span class='ocrx_word' id='word_1_234' title='bbox 1041 2137 1351 2181; x_wconf 86' lang='lat' dir='ltr'><em>commemorari</em></span> <span class='ocrx_word' id='word_1_235' title='bbox 1381 2137 1524 2189; x_wconf 89' lang='lat' dir='ltr'><em>solem,</em></span> <span class='ocrx_word' id='word_1_236' title='bbox 1554 2150 1728 2178; x_wconf 89' lang='lat' dir='ltr'><em>comme-</em></span> 
     </span>
     <span class='ocr_line' id='line_1_27' title="bbox 152 2207 1730 2266; baseline -0.002 -15"><span class='ocrx_word' id='word_1_237' title='bbox 152 2210 304 2252; x_wconf 88' lang='lat' dir='ltr'><em>morari</em></span> <span class='ocrx_word' id='word_1_238' title='bbox 331 2210 512 2266; x_wconf 89' lang='lat' dir='ltr'><em>quinque</em></span> <span class='ocrx_word' id='word_1_239' title='bbox 540 2210 679 2252; x_wconf 88' lang='lat' dir='ltr'><em>stellas</em></span> <span class='ocrx_word' id='word_1_240' title='bbox 708 2217 902 2263; x_wconf 86' lang='lat' dir='ltr'><em>errantes,</em></span> <span class='ocrx_word' id='word_1_241' title='bbox 933 2233 988 2238; x_wconf 97' lang='lat'><strong>—</strong></span> <span class='ocrx_word' id='word_1_242' title='bbox 1016 2209 1059 2252; x_wconf 91' lang='lat' dir='ltr'><em>id</em></span> <span class='ocrx_word' id='word_1_243' title='bbox 1088 2208 1196 2264; x_wconf 90' lang='lat' dir='ltr'><em>quod</em></span> <span class='ocrx_word' id='word_1_244' title='bbox 1224 2224 1308 2251; x_wconf 90' lang='lat' dir='ltr'><em>non</em></span> <span class='ocrx_word' id='word_1_245' title='bbox 1336 2209 1423 2250; x_wconf 88' lang='lat' dir='ltr'><em>sine</em></span> <span class='ocrx_word' id='word_1_246' title='bbox 1452 2207 1621 2250; x_wconf 88' lang='lat' dir='ltr'><em>consilio</em></span> <span class='ocrx_word' id='word_1_247' title='bbox 1641 2207 1730 2250; x_wconf 88' lang='lat' dir='ltr'><em>fieri</em></span> 
     </span>
     <span class='ocr_line' id='line_1_28' title="bbox 152 2279 1728 2339; baseline -0.003 -15"><span class='ocrx_word' id='word_1_248' title='bbox 152 2281 360 2325; x_wconf 84' lang='lat' dir='ltr'><em>concedes.</em></span> <span class='ocrx_word' id='word_1_249' title='bbox 417 2282 549 2338; x_wconf 81' lang='lat' dir='ltr'><em>Atqui</em></span> <span class='ocrx_word' id='word_1_250' title='bbox 576 2282 773 2325; x_wconf 85' lang='lat' dir='ltr'><em>habemus</em></span> <span class='ocrx_word' id='word_1_251' title='bbox 802 2282 845 2324; x_wconf 90' lang='lat' dir='ltr'><em>in</em></span> <span class='ocrx_word' id='word_1_252' title='bbox 874 2282 955 2325; x_wconf 89' lang='lat' dir='ltr'><em>fine</em></span> <span class='ocrx_word' id='word_1_253' title='bbox 984 2282 1063 2324; x_wconf 92' lang='lat' dir='ltr'><em>hoc</em></span> <span class='ocrx_word' id='word_1_254' title='bbox 1091 2279 1371 2339; x_wconf 70' lang='grc' dir='ltr'><em>ἕπιφῶνημαῑ</em></span> <span class='ocrx_word' id='word_1_255' title='bbox 1403 2289 1457 2323; x_wconf 80' lang='lat' dir='ltr'><em>tot</em></span> <span class='ocrx_word' id='word_1_256' title='bbox 1477 2281 1589 2322; x_wconf 86' lang='lat' dir='ltr'><em>circa</em></span> <span class='ocrx_word' id='word_1_257' title='bbox 1608 2296 1728 2321; x_wconf 82' lang='lat' dir='ltr'><em>unum</em></span> 
     </span>
    </p>
   </div>
   <div class='ocr_carea' id='block_1_3' title="bbox 158 2383 420 2389">
    <p class='ocr_par' dir='ltr' id='par_1_3' title="bbox 158 2383 420 2389">
     <span class='ocr_line' id='line_1_29' title="bbox 158 2383 420 2389; baseline 0 0"><span class='ocrx_word' id='word_1_258' title='bbox 158 2383 420 2389; x_wconf 95' lang='lat' dir='ltr'><em> </em></span> 
     </span>
    </p>
   </div>
   <div class='ocr_carea' id='block_1_4' title="bbox 155 2423 1734 2693">
    <p class='ocr_par' dir='ltr' id='par_1_4' title="bbox 155 2423 1734 2693">
     <span class='ocr_line' id='line_1_30' title="bbox 155 2423 1728 2470; baseline -0.003 -9"><span class='ocrx_word' id='word_1_259' title='bbox 155 2425 300 2470; x_wconf 77' lang='lat' dir='ltr'><em>Aliquid</em></span> <span class='ocrx_word' id='word_1_260' title='bbox 324 2425 501 2461; x_wconf 80' lang='lat' dir='ltr'><em>reconditi</em></span> <span class='ocrx_word' id='word_1_261' title='bbox 523 2428 561 2460; x_wconf 89' lang='lat' dir='ltr'><em>et</em></span> <span class='ocrx_word' id='word_1_262' title='bbox 583 2425 742 2461; x_wconf 82' lang='lat' dir='ltr'><em>abstrusi</em></span> <span class='ocrx_word' id='word_1_263' title='bbox 765 2426 803 2461; x_wconf 86' lang='lat' dir='ltr'><em>in</em></span> <span class='ocrx_word' id='word_1_264' title='bbox 826 2435 879 2466; x_wconf 91' lang='lat' dir='ltr'><em>eo,</em></span> <span class='ocrx_word' id='word_1_265' title='bbox 904 2425 996 2470; x_wconf 85' lang='lat' dir='ltr'><em>quod</em></span> <span class='ocrx_word' id='word_1_266' title='bbox 1019 2435 1106 2461; x_wconf 85' lang='lat' dir='ltr'><em>sane</em></span> <span class='ocrx_word' id='word_1_267' title='bbox 1129 2426 1167 2461; x_wconf 86' lang='lat' dir='ltr'><em>in</em></span> <span class='ocrx_word' id='word_1_268' title='bbox 1181 2425 1378 2469; x_wconf 82' lang='lat' dir='ltr'><em>pleniorum</em></span> <span class='ocrx_word' id='word_1_269' title='bbox 1401 2423 1499 2459; x_wconf 90' lang='lat' dir='ltr'><em>codd.</em></span> <span class='ocrx_word' id='word_1_270' title='bbox 1523 2425 1728 2458; x_wconf 85' lang='lat' dir='ltr'><em>nostrorum</em></span> 
     </span>
     <span class='ocr_line' id='line_1_31' title="bbox 155 2479 1727 2526; baseline -0.002 -10"><span class='ocrx_word' id='word_1_271' title='bbox 155 2481 350 2526; x_wconf 78' lang='lat' dir='ltr'><em>archetypo</em></span> <span class='ocrx_word' id='word_1_272' title='bbox 374 2481 561 2516; x_wconf 82' lang='lat' dir='ltr'><em>exstitisse</em></span> <span class='ocrx_word' id='word_1_273' title='bbox 588 2481 741 2520; x_wconf 82' lang='lat' dir='ltr'><em>videtur,</em></span> <span class='ocrx_word' id='word_1_274' title='bbox 769 2493 958 2525; x_wconf 83' lang='lat' dir='ltr'><em>servorum,</em></span> <span class='ocrx_word' id='word_1_275' title='bbox 987 2481 1102 2517; x_wconf 82' lang='lat' dir='ltr'><em>latere</em></span> <span class='ocrx_word' id='word_1_276' title='bbox 1131 2484 1232 2516; x_wconf 86' lang='lat' dir='ltr'><em>ratus</em></span> <span class='ocrx_word' id='word_1_277' title='bbox 1262 2480 1382 2515; x_wconf 84' lang='lat' dir='ltr'><em>effecit</em></span> <span class='ocrx_word' id='word_1_278' title='bbox 1411 2490 1627 2526; x_wconf 76' lang='lat' dir='ltr'><em>superorum.</em></span> <span class='ocrx_word' id='word_1_279' title='bbox 1674 2479 1727 2513; x_wconf 88' lang='lat' dir='ltr'><em>At</em></span> 
     </span>
     <span class='ocr_line' id='line_1_32' title="bbox 156 2534 1731 2581; baseline -0.003 -9"><span class='ocrx_word' id='word_1_280' title='bbox 156 2535 455 2581; x_wconf 81' lang='lat' dir='ltr'><em>simplicissimum</em></span> <span class='ocrx_word' id='word_1_281' title='bbox 479 2539 518 2572; x_wconf 88' lang='lat' dir='ltr'><em>et</em></span> <span class='ocrx_word' id='word_1_282' title='bbox 540 2536 765 2572; x_wconf 87' lang='lat' dir='ltr'><em>verissimum</em></span> <span class='ocrx_word' id='word_1_283' title='bbox 795 2540 861 2577; x_wconf 79' lang='lat' dir='ltr'><em>est.</em></span> <span class='ocrx_word' id='word_1_284' title='bbox 899 2536 991 2580; x_wconf 90' lang='lat' dir='ltr'><em>quod</em></span> <span class='ocrx_word' id='word_1_285' title='bbox 1028 2536 1102 2572; x_wconf 90' lang='lat' dir='ltr'><em>cod.</em></span> <span class='ocrx_word' id='word_1_286' title='bbox 1138 2536 1173 2571; x_wconf 89' lang='lat' dir='ltr'><strong>V</strong></span> <span class='ocrx_word' id='word_1_287' title='bbox 1209 2539 1394 2571; x_wconf 88' lang='lat' dir='ltr'><em>corrector</em></span> <span class='ocrx_word' id='word_1_288' title='bbox 1429 2535 1547 2570; x_wconf 85' lang='lat' dir='ltr'><em>effecit</em></span> <span class='ocrx_word' id='word_1_289' title='bbox 1580 2534 1731 2577; x_wconf 85' lang='lat' dir='ltr'><em>indeque</em></span> 
     </span>
     <span class='ocr_line' id='line_1_33' title="bbox 155 2588 1734 2637; baseline -0.003 -10"><span class='ocrx_word' id='word_1_290' title='bbox 155 2591 344 2637; x_wconf 79' lang='lat' dir='ltr'><em>descripsit</em></span> <span class='ocrx_word' id='word_1_291' title='bbox 366 2593 442 2628; x_wconf 89' lang='lat' dir='ltr'><em>cod.</em></span> <span class='ocrx_word' id='word_1_292' title='bbox 465 2591 497 2627; x_wconf 88' lang='grc' dir='ltr'><strong>Τ</strong></span> <span class='ocrx_word' id='word_1_293' title='bbox 519 2591 696 2636; x_wconf 84' lang='lat' dir='ltr'><em>librarius,</em></span> <span class='ocrx_word' id='word_1_294' title='bbox 720 2592 911 2635; x_wconf 86' lang='lat' dir='ltr'><em>deorum,</em></span> <span class='ocrx_word' id='word_1_295' title='bbox 939 2591 1034 2635; x_wconf 89' lang='lat' dir='ltr'><em>quod</em></span> <span class='ocrx_word' id='word_1_296' title='bbox 1055 2591 1266 2627; x_wconf 81' lang='lat' dir='ltr'><em>vocabulum</em></span> <span class='ocrx_word' id='word_1_297' title='bbox 1297 2591 1404 2626; x_wconf 86' lang='lat' dir='ltr'><em>etiam</em></span> <span class='ocrx_word' id='word_1_298' title='bbox 1438 2590 1475 2625; x_wconf 93' lang='lat' dir='ltr'><em>in</em></span> <span class='ocrx_word' id='word_1_299' title='bbox 1509 2588 1734 2624; x_wconf 86' lang='lat' dir='ltr'><em>antecedenti</em></span> 
     </span>
     <span class='ocr_line' id='line_1_34' title="bbox 157 2640 1734 2693; baseline -0.003 -10"><span class='ocrx_word' id='word_1_300' title='bbox 157 2647 234 2683; x_wconf 88' lang='lat' dir='ltr'><em>colo</em></span> <span class='ocrx_word' id='word_1_301' title='bbox 259 2648 384 2683; x_wconf 88' lang='lat' dir='ltr'><em>eodem</em></span> <span class='ocrx_word' id='word_1_302' title='bbox 407 2648 511 2683; x_wconf 89' lang='lat' dir='ltr'><em>modo</em></span> <span class='ocrx_word' id='word_1_303' title='bbox 535 2652 741 2693; x_wconf 75' lang='lat' dir='ltr'><em>usurpatur.</em></span> <span class='ocrx_word' id='word_1_304' title='bbox 787 2649 898 2684; x_wconf 83' lang='lat' dir='ltr'><em>Ortus</em></span> <span class='ocrx_word' id='word_1_305' title='bbox 930 2651 1051 2682; x_wconf 85' lang='lat' dir='ltr'><em>autem</em></span> <span class='ocrx_word' id='word_1_306' title='bbox 1080 2657 1182 2682; x_wconf 86' lang='lat' dir='ltr'><em>error</em></span> <span class='ocrx_word' id='word_1_307' title='bbox 1205 2651 1263 2682; x_wconf 88' lang='lat' dir='ltr'><em>est</em></span> <span class='ocrx_word' id='word_1_308' title='bbox 1286 2657 1330 2682; x_wconf 85' lang='lat' dir='ltr'><em>ex</em></span> <span class='ocrx_word' id='word_1_309' title='bbox 1353 2657 1410 2686; x_wconf 86' lang='lat' dir='ltr'><em>eo,</em></span> <span class='ocrx_word' id='word_1_310' title='bbox 1436 2645 1527 2689; x_wconf 87' lang='lat' dir='ltr'><em>quod</em></span> <span class='ocrx_word' id='word_1_311' title='bbox 1551 2640 1734 2688; x_wconf 83' lang='lat' dir='ltr'><em>archetypi</em></span> 
     </span>
    </p>
   </div>
   <div class='ocr_carea' id='block_1_5' title="bbox 156 2700 1730 2796">
    <p class='ocr_par' dir='ltr' id='par_1_5' title="bbox 156 2700 1730 2796">
     <span class='ocr_line' id='line_1_35' title="bbox 156 2700 1730 2748; baseline -0.004 -9"><span class='ocrx_word' id='word_1_312' title='bbox 156 2703 334 2743; x_wconf 80' lang='lat' dir='ltr'><em>librarius,</em></span> <span class='ocrx_word' id='word_1_313' title='bbox 358 2713 438 2739; x_wconf 89' lang='lat' dir='ltr'><em>cum</em></span> <span class='ocrx_word' id='word_1_314' title='bbox 461 2703 531 2738; x_wconf 87' lang='lat' dir='ltr'><em>duo</em></span> <span class='ocrx_word' id='word_1_315' title='bbox 554 2703 617 2739; x_wconf 83' lang='lat' dir='ltr'><em>illa</em></span> <span class='ocrx_word' id='word_1_316' title='bbox 639 2703 749 2739; x_wconf 83' lang='lat' dir='ltr'><em>verba</em></span> <span class='ocrx_word' id='word_1_317' title='bbox 771 2703 917 2739; x_wconf 85' lang='lat' dir='ltr'><em>deorum</em></span> <span class='ocrx_word' id='word_1_318' title='bbox 938 2708 1080 2739; x_wconf 72' lang='lat' dir='ltr'><em>servata</em></span> <span class='ocrx_word' id='word_1_319' title='bbox 1102 2702 1267 2748; x_wconf 88' lang='lat' dir='ltr'><em>legisset,</em></span> <span class='ocrx_word' id='word_1_320' title='bbox 1290 2702 1327 2737; x_wconf 90' lang='lat' dir='ltr'><em>in</em></span> <span class='ocrx_word' id='word_1_321' title='bbox 1351 2701 1534 2737; x_wconf 87' lang='lat' dir='ltr'><em>scribendo</em></span> <span class='ocrx_word' id='word_1_322' title='bbox 1558 2700 1730 2734; x_wconf 85' lang='lat' dir='ltr'><em>memoria</em></span> 
     </span>
     <span class='ocr_line' id='line_1_36' title="bbox 157 2758 890 2796; baseline -0.001 -1"><span class='ocrx_word' id='word_1_323' title='bbox 157 2758 276 2796; x_wconf 75' lang='lat' dir='ltr'><em>falsus</em></span> <span class='ocrx_word' id='word_1_324' title='bbox 299 2759 454 2795; x_wconf 75' lang='lat' dir='ltr'><em>alterum</em></span> <span class='ocrx_word' id='word_1_325' title='bbox 477 2769 556 2794; x_wconf 89' lang='lat' dir='ltr'><em>cum</em></span> <span class='ocrx_word' id='word_1_326' title='bbox 580 2759 694 2795; x_wconf 83' lang='lat' dir='ltr'><em>altero</em></span> <span class='ocrx_word' id='word_1_327' title='bbox 718 2758 890 2794; x_wconf 76' lang='lat' dir='ltr'><em>confudit.</em></span> 
     </span>
    </p>
   </div>
   <div class='ocr_carea' id='block_1_6' title="bbox 158 2821 1734 2985">
    <p class='ocr_par' dir='ltr' id='par_1_6' title="bbox 158 2821 1734 2985">
     <span class='ocr_line' id='line_1_37' title="bbox 288 2821 1730 2869; baseline -0.005 -8"><span class='ocrx_word' id='word_1_328' title='bbox 288 2825 315 2868; x_wconf 84' lang='lat'><em>²)</em></span> <span class='ocrx_word' id='word_1_329' title='bbox 338 2825 555 2861; x_wconf 86' lang='lat' dir='ltr'><em>Rectissime</em></span> <span class='ocrx_word' id='word_1_330' title='bbox 578 2825 636 2860; x_wconf 89' lang='lat' dir='ltr'><em>hic</em></span> <span class='ocrx_word' id='word_1_331' title='bbox 658 2825 835 2860; x_wconf 85' lang='lat' dir='ltr'><em>iudicasse</em></span> <span class='ocrx_word' id='word_1_332' title='bbox 857 2828 946 2869; x_wconf 85' lang='lat' dir='ltr'><em>puto</em></span> <span class='ocrx_word' id='word_1_333' title='bbox 969 2823 1216 2865; x_wconf 85' lang='lat' dir='ltr'><em>Ribbeckium,</em></span> <span class='ocrx_word' id='word_1_334' title='bbox 1253 2823 1313 2866; x_wconf 91' lang='lat' dir='ltr'><em>qui</em></span> <span class='ocrx_word' id='word_1_335' title='bbox 1347 2822 1442 2866; x_wconf 89' lang='lat' dir='ltr'><em>quod</em></span> <span class='ocrx_word' id='word_1_336' title='bbox 1466 2821 1560 2856; x_wconf 90' lang='lat' dir='ltr'><em>codd.</em></span> <span class='ocrx_word' id='word_1_337' title='bbox 1599 2821 1730 2855; x_wconf 84' lang='lat' dir='ltr'><em>habent</em></span> 
     </span>
     <span class='ocr_line' id='line_1_38' title="bbox 158 2874 1734 2926; baseline -0.006 -9"><span class='ocrx_word' id='word_1_338' title='bbox 158 2880 210 2917; x_wconf 83' lang='lat' dir='ltr'><em>ad</em></span> <span class='ocrx_word' id='word_1_339' title='bbox 230 2880 322 2918; x_wconf 74' lang='lat' dir='ltr'><em>hunc</em></span> <span class='ocrx_word' id='word_1_340' title='bbox 354 2881 496 2918; x_wconf 85' lang='lat' dir='ltr'><em>delevit.</em></span> <span class='ocrx_word' id='word_1_341' title='bbox 542 2881 765 2926; x_wconf 73' lang='lat' dir='ltr'><em>*Repetitum</em></span> <span class='ocrx_word' id='word_1_342' title='bbox 798 2881 894 2916; x_wconf 87' lang='lat' dir='ltr'><em>euim</em></span> <span class='ocrx_word' id='word_1_343' title='bbox 928 2883 988 2915; x_wconf 86' lang='lat' dir='ltr'><em>est</em></span> <span class='ocrx_word' id='word_1_344' title='bbox 1016 2890 1060 2915; x_wconf 83' lang='lat' dir='ltr'><em>ex</em></span> <span class='ocrx_word' id='word_1_345' title='bbox 1089 2889 1132 2914; x_wconf 86' lang='lat' dir='ltr'><em>eo</em></span> <span class='ocrx_word' id='word_1_346' title='bbox 1156 2878 1250 2923; x_wconf 88' lang='lat' dir='ltr'><em>quod</em></span> <span class='ocrx_word' id='word_1_347' title='bbox 1279 2877 1463 2922; x_wconf 82' lang='lat' dir='ltr'><em>praecedit</em></span> <span class='ocrx_word' id='word_1_348' title='bbox 1486 2879 1532 2922; x_wconf 86' lang='lat' dir='ltr'><em>(v.</em></span> <span class='ocrx_word' id='word_1_349' title='bbox 1555 2876 1611 2918; x_wconf 79' lang='lat'><em>22&gt;</em></span> <span class='ocrx_word' id='word_1_350' title='bbox 1647 2874 1734 2910; x_wconf 82' lang='lat' dir='ltr'><em>nihil</em></span> 
     </span>
     <span class='ocr_line' id='line_1_39' title="bbox 159 2935 491 2985; baseline 0.003 -13"><span class='ocrx_word' id='word_1_351' title='bbox 159 2935 276 2972; x_wconf 68' lang='lat' dir='ltr'><em>afflluc</em></span> <span class='ocrx_word' id='word_1_352' title='bbox 297 2938 398 2983; x_wconf 76' lang='lat' dir='ltr'><em>virqo</em></span> <span class='ocrx_word' id='word_1_353' title='bbox 421 2948 491 2985; x_wconf 71' lang='lat' dir='ltr'><em>eqe.</em></span> 
     </span>
    </p>
   </div>
   <div class='ocr_carea' id='block_1_7' title="bbox 1520 3000 1541 3036">
    <p class='ocr_par' dir='ltr' id='par_1_7' title="bbox 1520 3000 1541 3036">
     <span class='ocr_line' id='line_1_40' title="bbox 1520 3000 1541 3036; baseline 0 0"><span class='ocrx_word' id='word_1_354' title='bbox 1520 3000 1541 3036; x_wconf 89' lang='lat'><strong>3</strong></span> 
     </span>
    </p>
   </div>
  </div>
 </body>
</html>
