2025 3131
865 81 1137 122 -40-

214 211 346 253 stione
377 219 612 250 versemur:
643 204 851 259 quaeritur
881 221 934 245 αη
963 205 1006 245 in
1035 219 1079 244 re
1108 203 1266 244 ἰἠἰανία
1294 203 1366 253 sit3
1387 224 1440 228 -
1459 200 1503 241 in
1532 215 1613 255 qua
1633 200 1797 242 tandem

217 276 287 324 re?
318 280 514 323 nimirum
542 277 587 318 in
619 291 677 329 ea,
720 275 830 331 quod
866 274 1096 316 sordidatus
1127 273 1297 314 divitem
1327 278 1489 313 secutus
1519 278 1581 314 est
1610 272 1799 328 pauperis

216 352 340 395 occisi
363 352 486 393 filius.
529 349 660 393 Cuius
689 349 747 390 rei
778 347 1026 390 memoribus
1056 353 1218 402 praesto
1249 351 1310 387 est
1331 345 1434 386 lenis
1455 343 1648 386 correctio
1677 343 1799 386 haec:

216 442 322 468 nova
338 425 532 482 formula
552 424 802 465 iniuriarum
824 421 1094 477 componitur:
1126 417 1247 474 ‘quod
1273 418 1342 460 ille
1368 418 1485 463 ,illic
1515 425 1655 458 contra
1685 416 1803 457 bonos

217 514 350 540 mores
381 498 505 539 ivit'.
555 494 662 536 Ecce
691 493 823 535 ironia
851 491 1127 543 festivissima,
1154 504 1234 544 qua
1253 497 1293 530 et
1311 490 1381 531 alii
1403 488 1588 530 similiter
1605 487 1803 539 luserunt,

219 575 265 611 ut
293 584 333 625 p.
364 568 489 620 469,9
519 566 657 608 Julius
677 565 854 607 Bassus:
885 563 971 604 ‘cur
1000 579 1072 616 me,
1104 563 1248 618 inquit,
1278 563 1494 617 sequeris?
1542 561 1661 615 quasi
1688 558 1806 600 aliud

221 643 301 684 iter
326 655 545 699 pauperes,
577 637 696 679 aliud
724 637 869 678 divites
899 635 1080 686 habeant,
1112 640 1151 675 et
1181 649 1219 689 p.
1242 634 1390 685 469,22
1422 632 1606 675 Arellius
1626 630 1804 672 Fuscus:

211 714 390 770 facinus
425 711 637 768 2'ndzynuwz
677 710 932 751 commissum
968 715 1044 749 est.-
1089 706 1198 748 dz'ves
1228 715 1263 747 ec
1288 722 1451 763 pauper
1479 704 1617 747 eadem
1646 705 1716 745 via
1743 704 1806 744 in-

225 786 427 827 cessimus.

358 855 407 896 In
436 852 664 896 eiusdem
693 849 1082 894 Controversiae
1117 848 1140 902 §
1174 848 1236 890 14.
1267 863 1305 904 p.
1335 848 1458 900 4763
1494 846 1663 889 Albucii
1697 846 1809 887 leno-

230 943 338 980 nem,
384 926 456 982 qui
485 940 558 982 per
601 924 741 966 dolum
784 930 823 965 et
861 922 1031 964 insidias
1068 921 1207 963 decem
1236 920 1562 963 adolescentibus
1592 918 1812 975 perniciem

228 1000 396 1043 molitus
427 1004 537 1052 erat,
567 995 817 1053 increpantis
847 993 1036 1047 ,sordida‘
1068 992 1268 1035 sententia
1306 993 1364 1034 sic
1402 992 1553 1036 editur:
1602 993 1711 1034 itane
1753 992 1813 1032 sic

221 1073 419 1131 peribunt
450 1070 583 1112 decem
611 1071 774 1111 iuvenes
793 1075 970 1125 propter
1000 1066 1218 1124 dipondios
1237 1067 1352 1107 tuos?
1387 1065 1494 1106 Boni
1526 1063 1641 1107 codd.
1663 1063 1816 1105 habent

231 1158 372 1185 omnes
417 1144 478 1185 ita
521 1143 624 1194 722'32‘5
668 1139 763 1181 inde
807 1139 966 1181 saeculo
1010 1137 1118 1180 XVI
1162 1137 1312 1179 codicis
1356 1136 1389 1178 T
1435 1143 1637 1178 corrector
1681 1134 1817 1177 effecit

233 1217 357 1267 itane,
390 1228 496 1269 quae
524 1212 796 1268 interpolatio,
831 1237 875 1240 -
900 1217 946 1251 ut
974 1209 1178 1266 permulta
1207 1209 1392 1251 eiusdem
1421 1208 1588 1260 farinae,
1610 1231 1666 1238 -
1693 1207 1818 1261 vulgo

235 1286 334 1328 olim
365 1292 528 1344 recepta
556 1291 630 1327 est.
680 1282 803 1336 Quod
830 1283 1110 1336 Kiesslingius
1141 1281 1268 1324 edidit
1288 1282 1494 1323 Bursiano
1516 1280 1684 1323 debetur
1703 1278 1818 1321 codd.

236 1359 452 1401 lectionem
482 1357 622 1415 paullo
662 1355 862 1399 curiosius
892 1354 1138 1411 respicienti.
1198 1353 1352 1395 Vereor
1394 1360 1544 1407 tamen,
1589 1368 1639 1394 ne
1683 1351 1848 1409 opinio·

237 1431 331 1473 illos
363 1429 572 1481 fefellerit;
618 1451 673 1456 —-
716 1433 822 1470 certe
865 1442 947 1469 non
991 1426 1160 1469 memini
1203 1441 1269 1468 me
1297 1426 1354 1467 ita
1382 1425 1647 1468 coniunctum
1689 1423 1821 1478 legere

238 1507 346 1546 itane
374 1506 446 1555 sic,
476 1507 618 1556 estque
646 1499 697 1541 ad
726 1515 894 1541 manum
923 1499 1150 1541 emendatio
1181 1505 1220 1540 et
1248 1498 1405 1540 facilior
1434 1503 1473 1539 et
1503 1497 1602 1549 veri,
1632 1496 1713 1538 nisi
1757 1511 1822 1538 me

242 1576 377 1632 ipsum
408 1574 547 1616 omnia
575 1573 736 1624 fallunt,
782 1571 911 1613 multo
942 1571 1115 1613 similior
1145 1585 1208 1622 ea,
1254 1577 1298 1611 ut
1328 1570 1551 1611 scribatur:
1595 1568 1692 1622 ita¹)
1735 1570 1803 1611 mi
1810 1595 1824 1600 -

244 1649 354 1690 seri
370 1648 567 1705 peribunt
597 1646 730 1687 decem
758 1646 918 1686 iuvenes
940 1652 1114 1701 propter
1152 1643 1368 1701 dzpondz'os
1404 1643 1515 1684 tuos?
1542 1640 1628 1684 Gfr.
1647 1656 1685 1698 p.
1702 1640 1826 1695 324,5

246 1721 370 1762 miser
414 1735 537 1774 aeque
580 1719 701 1760 timui
738 1734 787 1760 ne
818 1749 826 1758 .
859 1751 868 1759 .
898 1747 909 1758 .
954 1716 1081 1767 daret,
1127 1730 1165 1771 p.
1196 1715 1321 1767 355‚4
1364 1714 1474 1766 Quid
1502 1715 1640 1771 faciet
1681 1714 1832 1755 miser?

249 1807 288 1847 p.
319 1791 468 1843 492,28
516 1790 617 1846 quid
658 1791 764 1832 enim
806 1790 951 1831 miseri
981 1804 1128 1846 roqare
1155 1789 1286 1829 sciunt
1314 1788 1402 1829 m'sz‘
1425 1788 1597 1844 stipem?
1649 1785 1829 1828 Facilem

251 1863 522 1904 mutationem
564 1862 627 1905 vel
669 1861 759 1903 ideo
789 1861 875 1902 dixi
903 1875 1005 1915 esse,
1052 1859 1161 1914 quod
1192 1859 1388 1915 suspicor,
1429 1859 1534 1901 sicut
1561 1859 1606 1900 in
1635 1858 1761 1901 simili
1789 1873 1832 1899 re

252 1952 294 1992 p.
326 1935 478 1987 206,24
506 1934 659 1976 factum
689 1933 878 1986 vidimus,
916 1949 982 1975 ser
1012 1937 1224 1974 exaratum
1252 1931 1380 1972 fuisse
1410 1946 1490 1972 una
1519 1931 1656 1972 littera
1698 1948 1718 1972 ,ς
1761 1929 1833 1972 ad-

256 2008 359 2050 iecta
388 2007 562 2061 virgula,
593 2021 674 2061 qua
704 2006 857 2047 omissa
884 2006 986 2047 misi
1009 2004 1159 2047 abiisse
1187 2004 1231 2044 in
1260 2005 1348 2046 m‘sz‘
1373 2018 1492 2045 nemo
1520 2003 1748 2046 mirabitur.

1028 2274 1098 2337 V.

398 2421 609 2474 Quoniam
640 2421 738 2462 satis
767 2420 838 2462 diu
866 2421 1039 2462 lectores
1068 2419 1112 2460 in
1140 2418 1300 2460 Latinis
1321 2418 1583 2472 detinuimus,
1605 2433 1714 2460 nunc
1733 2418 1845 2460 lubet

272 2495 411 2538 missis
440 2494 537 2546 illis,
568 2499 786 2547 antequam
815 2491 1098 2533 dissertationi
1127 2497 1289 2533 nostrae
1316 2492 1442 2533 finem
1471 2491 1750 2548 imponamus,
1779 2490 1846 2532 ad-

268 2568 363 2609 dere
393 2581 520 2623 pauca
560 2564 784 2622 spectantia
826 2563 877 2605 ad
913 2562 1165 2606 Graecorum
1207 2563 1419 2605 rhetorum
1460 2564 1701 2616 sententias,
1746 2577 1847 2618 quas

271 2638 437 2692 Seneca,
482 2644 541 2690 ,ut
584 2637 749 2692 ingenia
791 2636 968 2691 ingeniis
1013 2635 1317 2688 conferrentur‘,
1363 2637 1524 2693 saepius
1567 2635 1849 2678 Romanorum

405 2748 429 2791 ¹)
452 2747 568 2783 Multo
592 2746 735 2791 saepius
758 2746 795 2780 in
826 2744 1000 2782 eiusmodi
1027 2745 1375 2790 interrogationibus
1406 2745 1562 2781 occurrit
1595 2745 1633 2780 in
1662 2745 1717 2780 his
1748 2745 1846 2780 libris

273 2806 324 2839 ita
347 2813 453 2847 quam
475 2805 578 2839 itane.
617 2802 802 2838 Nonnulla
825 2802 987 2845 exempla
1018 2812 1125 2846 supra
1148 2802 1261 2837 allata
1285 2805 1369 2838 sunt
1392 2812 1425 2846 p.
1452 2803 1493 2841 18
1516 2801 1553 2836 in
1577 2801 1656 2836 adn.
