2050 3324
129 322 247 378 quid3
280 348 326 353 --
363 339 491 379 neque
523 340 616 367 vero
646 326 723 368 hoc
753 326 793 368 in
826 327 1024 383 profundo
1063 330 1223 384 penitus
1261 332 1493 375 abstrusum
1523 345 1602 388 est,
1633 339 1702 379 sed

129 394 227 436 satis
258 395 374 438 facile
403 397 558 438 eruitur
588 398 660 439 ita:
700 398 809 440 illum
841 400 1022 456 sulqilae'cz'
1063 402 1271 443 invisam
1315 405 1489 459 faciem.
1550 406 1701 450 Excer-

129 473 289 523 ptorum
325 469 551 509 auctoritati
589 469 628 509 in
667 469 737 510 tali
773 485 815 511 re
852 469 952 510 nihil
984 471 1243 514 tribuendum
1279 489 1367 516 esse
1403 475 1479 518 hoc
1514 477 1599 521 loco
1639 481 1701 522 vel

128 538 302 581 maxime
331 541 614 582 confirmatur:
645 541 838 582 nimirum
869 542 938 596 qui
978 542 1047 583 illa
1076 544 1248 586 confecit
1277 547 1395 587 ‚satis
1448 547 1588 590 habuit
1632 566 1701 592 ex-

127 610 302 652 scribere
347 611 405 667 (p.
437 612 607 665 3783&
654 615 869 669 proponite
912 615 1094 670 supplici
1105 616 1264 671 faciem
1297 634 1375 673 eqs.

259 681 426 725 Contr.
466 683 604 725 VIIII.
636 685 742 735 27‚(5.
774 699 812 740 p.
843 685 1014 734 4212&
1053 687 1146 728 ‹Jule'
1180 688 1314 730 Bassi.
1351 690 1545 740 Quoniam
1581 711 1702 750 usque

126 770 170 796 eo
212 757 412 798 saeculum
448 765 642 797 ‘mutatum
681 765 748 808 esc,
792 756 862 809 (ut)
896 758 1144 814 parricidae
1183 770 1303 816 pater
1345 762 1464 815 adsit,
1509 781 1581 806 nos
1625 765 1703 818 (sic

126 824 262 878 Burs„
308 826 424 869 codd.
461 827 560 880 uon)
603 830 720 870 istius
759 828 1018 871 advocationi
1058 829 1260 873 adsumus.
1331 832 1459 876 Plane
1502 837 1703 878 contraria

124 896 224 940 haec
263 906 325 940 est
363 900 567 941 sententia
603 900 660 951 ei,
700 914 822 954 quam
858 900 1046 955 equidem
1086 905 1428 958 exspectaverim
1465 921 1558 948 cum
1594 908 1700 950 enim

125 969 300 1012 disserat
339 970 494 1012 Bassus
531 979 670 1014 contra
708 971 861 1023 filium,
899 973 1024 1028 patris
1064 972 1371 1018 advocationem
1416 979 1584 1034 probare
1620 995 1700 1022 non

125 1047 270 1098 potest.
316 1041 493 1085 Proinde
536 1042 761 1085 clausulam
806 1043 864 1086 sic
908 1043 1158 1087 conformare
1201 1047 1364 1091 malim:
1408 1050 1539 1104 nos-¹)
1584 1054 1701 1095 iscius

127 1113 298 1157 advocat
304 1117 389 1157 loni
416 1115 470 1157 de
477 1132 498 1156 3
507 1132 533 1157 u
542 1131 581 1156 ‘m
591 1132 655 1156 us.

257 1178 424 1223 Contr.
456 1179 511 1222 X.
542 1180 648 1233 30,9.
680 1196 718 1236 p.
739 1181 908 1233 472,19:
942 1182 1068 1225 Latro
1088 1185 1146 1225 sz'c
1167 1184 1327 1228 divisit:
1348 1204 1398 1229 αη
1421 1189 1462 1230 2⁸71
1484 1206 1526 1230 re
1547 1191 1702 1232 inim-ia

122 1254 187 1295 sic.
219 1254 359 1307 Nulla,
391 1254 534 1309 inquit,
565 1254 722 1295 iniuria
751 1262 818 1295 est.
840 1254 1076 1297 sordidatus
1094 1272 1202 1309 su7n5
1232 1274 1351 1313 quam
1379 1261 1500 1302 multi
1511 1261 1706 1317 faciunt!

122 1324 269 1367 Omnia
297 1326 474 1367 iniuriae
499 1341 649 1382 qenera
684 1323 801 1382 (Zeqe)
839 1327 1121 1383 comprehem‘a
1149 1338 1261 1371 suut:
1295 1332 1462 1387 pulsare
1491 1349 1569 1375 non
1598 1334 1700 1386 licet,

123 1398 342 1439 convitium
356 1397 508 1454 facere
538 1405 678 1439 contra
718 1397 837 1439 bonos
864 1414 996 1440 ‘mores
1023 1415 1102 1441 uon
1132 1401 1234 1443 licet.
1293 1403 1381 1444 Hoc
1411 1404 1494 1446 loco
1522 1404 1701 1447 Scaurus

123 1468 249 1510 dixu:
277 1484 383 1511 nova
398 1469 593 1525 formula
621 1469 872 1511 iniuriarum
901 1474 1172 1528 componitur:
1218 1471 1341 1528 ‘quod
1369 1475 1436 1517 ille
1470 1477 1539 1518 illi
1563 1486 1701 1519 contra

123 1541 243 1583 bonos
270 1556 402 1583 mores
432 1543 648 1583 convitium
674 1539 833 1597 (fecitf.
876 1540 1071 1584 Extrema
1099 1542 1221 1585 huius
1256 1543 1333 1586 loci
1362 1547 1486 1588 verba
1514 1547 1557 1588 in
1583 1547 1698 1590 codd.

123 1613 182 1656 sic
211 1613 362 1670 scripta
392 1619 505 1656 sunt:
537 1612 646 1670 quod
673 1614 742 1655 ille
772 1612 927 1666 (errore
957 1629 1033 1656 om.
1065 1613 1120 1667 T)
1158 1617 1227 1658 illi
1252 1626 1391 1659 contra
1419 1619 1539 1661 bonos
1568 1636 1698 1663 mores

122 1684 196 1739 (Bt
236 1684 382 1737 moros)
411 1687 469 1727 vit
499 1684 573 1738 (T:
605 1685 725 1740 fuit),
783 1683 973 1736 Quorum
1003 1686 1231 1729 emendatio
1262 1689 1415 1730 nemini
1444 1689 1578 1733 adhuc
1606 1707 1696 1748 pro-

122 1771 238 1814 spere
280 1757 414 1799 cessit.
472 1755 614 1798 Potest
648 1762 782 1798 autem
822 1756 976 1812 liquido
1013 1758 1242 1801 confirmari
1281 1758 1478 1803 Scaurum
1518 1762 1696 1805 indidem

122 1828 359 1886 profectum,
391 1828 499 1870 unde
526 1827 730 1885 profectus
761 1835 847 1870 erat
876 1828 1014 1882 Latro,
1044 1829 1196 1873 ironice
1224 1832 1360 1875 nescio
1389 1833 1487 1888 quid
1517 1849 1695 1890 pronun-

122 1901 244 1954 tiare3
278 1900 409 1943 elucet
451 1900 530 1943 hoc
564 1915 615 1942 ex
652 1901 787 1942 verbis
816 1917 921 1943 nova
935 1902 1128 1958 formula
1156 1905 1401 1947 zbzz'urz‘arum
1434 1910 1696 1964 componitur,

122 1987 225 2028 quae
253 1972 454 2028 quomodo
484 1972 759 2028 intellegenda
789 1973 873 2014 sint
902 1979 946 2014 ut
974 1974 1238 2031 percipiatur,
1269 1992 1394 2018 unum
1425 1984 1531 2020 certe
1560 1993 1697 2021 exem-

122 2045 236 2101 plum
276 2044 395 2087 liceat
438 2044 602 2098 afferre,
644 2060 682 2100 p.
716 2045 864 2098 194,24
911 2047 1022 2088 Novi
1054 2050 1212 2104 qeneris
1253 2048 1449 2092 clementia
1493 2052 1697 2108 aryuz'cur:

121 2134 245 2160 sanus
288 2133 410 2172 eram,
440 2119 483 2160 si
514 2133 595 2160 non
629 2134 884 2176 ayozoscerem
920 2135 1038 2161 meos.
1095 2120 1155 2161 At
1185 2135 1278 2163 vero
1321 2121 1429 2176 quod
1468 2121 1696 2164 Bursianus

120 2189 370 2244 antiquiores
423 2188 506 2231 fere
564 2195 725 2232 secutus
782 2189 908 2231 edidit
962 2191 1072 2248 quod
1122 2192 1190 2234 ille
1236 2193 1343 2235 m'lzz'l
1391 2202 1531 2236 contra
1576 2195 1696 2237 bonos

120 2277 250 2304 mores
285 2262 396 2317 fecit
440 2260 626 2304 acumine
672 2261 792 2318 plane
839 2267 947 2304 caret
993 2276 1123 2318 neque
1169 2278 1338 2320 possum
1379 2272 1516 2321 aptam
1559 2266 1600 2308 in
1648 2281 1695 2309 eo

120 2332 422 2390 deprehendere
476 2333 661 2375 ironiam.
745 2332 879 2375 Multo
936 2334 1059 2376 etiam
1114 2335 1315 2378 minorem
1370 2337 1695 2393 probabilitatem

120 2405 244 2447 habet
279 2404 522 2458 Kiesslingii
561 2403 832 2447 audacissima
870 2405 1110 2460 coniectura,
1155 2422 1278 2463 quam
1321 2408 1364 2450 in
1407 2415 1520 2452 textu
1562 2410 1696 2466 posuit

121 2491 323 2533 supraque
365 2491 456 2518 eam
498 2491 572 2518 nos
615 2476 893 2519 exhibuimus:
932 2478 1082 2520 etenim
1119 2486 1159 2521 et
1194 2480 1526 2537 praecedentibus
1561 2481 1694 2524 decla-

121 2554 233 2590 ratur
275 2555 315 2590 et
358 2563 430 2605 per
472 2563 515 2590 se
558 2548 655 2590 satis
692 2554 852 2590 constat
894 2549 1006 2591 illam
1049 2551 1182 2608 ipsam
1223 2551 1440 2595 formulam
1482 2553 1607 2596 fuisse
1643 2569 1694 2596 ex

122 2620 390 2662 sollemnibus
420 2626 460 2662 et
488 2620 661 2662 usitatis.
698 2621 791 2675 Age
823 2637 918 2664 vero
948 2623 1263 2677 consideremus,
1294 2625 1337 2666 in
1367 2640 1543 2681 quanam
1571 2640 1693 2681 quae-

254 2707 278 2751 ¹)
302 2707 478 2743 Similiter
496 2711 656 2743 erratum
673 2713 731 2744 est
754 2709 900 2745 Contr.
924 2709 1011 2746 VII.
1033 2712 1120 2750 QOA.
1144 2722 1176 2755 p.
1200 2714 1329 2756 336,13.
1353 2712 1413 2748 ubi
1429 2713 1526 2749 codd.
1545 2713 1610 2749 AB
1633 2724 1693 2749 ex-

120 2762 243 2798 hibent
272 2763 471 2799 adulteram
500 2775 564 2800 nos
588 2766 694 2800 times.
740 2765 876 2801 Veram
911 2765 1102 2801 lectionem
1135 2778 1205 2802 non
1239 2769 1335 2804 times
1368 2769 1517 2812 praebet
1551 2769 1626 2804 cod.
1650 2770 1691 2808 Τ,

120 2827 233 2862 neque
264 2819 462 2854 audiendus
497 2823 554 2854 est
583 2819 817 2863 Kisslingius,
854 2821 912 2864 qui
948 2832 969 2856 a
1003 2823 1175 2858 mendosa
1208 2823 1269 2859 illa
1302 2823 1478 2868 scriptura
1512 2824 1692 2869 profectus

120 2873 233 2910 edidit
255 2876 357 2910 nosti.
