2050 3324
701 238 975 281 ...17-

50 359 309 416 potissimum
338 359 573 416 appendicis
603 359 690 401 loco
719 374 1004 416 expromemus
1036 368 1216 403 nostram
1237 362 1286 404 de
1306 369 1390 404 toto
1411 362 1481 403 illo
1501 363 1633 406 colore

50 431 311 481 sententiam,
351 430 556 472 diversam
587 439 627 472 et
655 431 706 472 ab
737 431 899 472 illorum
931 438 971 472 et
1000 446 1024 472 a
1052 439 1277 474 ceterorum
1307 433 1539 476 criticorum
1570 450 1635 476 ra-

49 502 242 544 tionibus.
301 502 443 544 Edidit
481 509 617 543 autem
646 501 927 556 Kiesslingius
967 503 1136 558 receptis
1184 504 1421 546 certissimis
1465 506 1634 560 quibus-

47 573 143 616 dam
172 574 538 625 emendationibus,
569 589 742 629 quarum
771 580 957 616 auctores
988 575 1058 629 qui
1083 574 1166 615 sint
1195 575 1245 616 ab
1275 575 1364 632 ipso
1395 578 1635 632 requiratur,

47 646 258 702 aliquanto
288 646 455 703 politius
485 660 608 701 quam
638 653 757 688 antea
785 645 938 688 factum
974 653 1061 687 erat
1091 645 1208 690 haec:
1254 650 1528 705 Aryentariwae
1564 651 1637 692 hoc

49 720 180 762 colore
210 719 472 761 declamavit:
503 718 582 760 cleto
614 719 881 760 hauriantur
910 717 1026 772 (una)
1070 719 1114 760 in
1156 718 1292 760 dunzo:
1338 721 1441 762 alter
1470 723 1636 776 invenis,

47 792 153 834 alter
181 807 324 844 sene-r;
368 792 472 832 alter
504 792 636 847 filt'uS,
682 791 784 833 alter
818 799 962 848 pater;
1002 798 1167 846 nterque
1211 807 1335 847 aeque
1365 793 1506 834 licenti
1531 795 1639 835 cultu

46 879 124 921 per
154 863 370 921 publicum
408 863 569 905 incedit.
608 864 711 905 alter
745 864 857 905 vobis
892 864 965 905 hoc
996 864 1077 904 ait:
1121 866 1320 905 concessis
1364 867 1490 906 aetati
1529 867 1639 907 rolu-

38 936 227 994 ptatibus
242 943 334 977 uto-1·
355 943 391 977 et
411 936 594 977 iuvenali
620 936 702 993 leqe
732 935 953 992 dzfunqom
981 935 1084 976 bona
1104 950 1173 991 eqo
1200 943 1327 977 aetate
1357 938 1490 994 coepi}
1518 938 1644 980 simul

39 1009 227 1066 primum
269 1008 343 1049 hoc
386 1009 619 1049 tirocinium
665 1006 961 1049 adulescentiae
1006 1008 1128 1062 qnasi
1168 1007 1344 1049 debitunt
1387 1024 1435 1050 ac
1470 1010 1640 1052 solemne

42 1080 290 1137 persolvero,
335 1088 517 1122 reverta-r
567 1079 624 1121 ad
665 1081 787 1122 bonos
829 1095 973 1122 mores.
1019 1079 1066 1121 id
1086 1080 1212 1135 facio
1247 1080 1357 1136 quod
1375 1089 1501 1138 pater
1529 1099 1640 1124 meus

35 1153 161 1210 fecit,
193 1169 282 1194 cum
313 1153 471 1194 iuvenis
501 1160 611 1193 esset.
644 1153 835 1210 ozeqabz't?
869 1153 942 1208 qui
968 1152 1127 1207 qualem
1156 1168 1322 1194 eausam
1357 1153 1499 1195 haheat
1527 1154 1639 1196 vide-

48 1226 167 1278 ritis,-
190 1225 338 1281 faciat
373 1226 535 1267 etiamsi
568 1241 648 1267 non
685 1224 794 1281 quod
822 1233 975 1282 oportet
991 1225 1111 1280 fieri,
1145 1233 1187 1266 at
1216 1224 1327 1280 quod
1352 1226 1462 1267 solet.
1521 1228 1641 1268 Alter

50 1298 129 1339 ait:
176 1298 262 1339 scio
312 1313 373 1338 me
425 1313 572 1339 novum
625 1298 802 1338 civitates
844 1297 1089 1339 miraculum
1137 1296 1335 1349 incedere,
1385 1297 1641 1341 Zuaeurz'osum

49 1385 193 1423 senem,
236 1368 310 1411 sed
350 1369 424 1411 hoc
453 1369 686 1427 castiqandi
722 1386 848 1426 glenus
891 1370 1201 1410 eonznzoventius
1243 1370 1394 1422 vz‘sum3
1438 1379 1483 1411 ut
1511 1386 1640 1413 emen-

49 1441 191 1483 darem
206 1442 361 1498 filiunt,
391 1443 479 1499 ipse
499 1458 677 1498 peccare
707 1443 833 1498 coepi.
898 1442 963 1483 Ita
992 1443 1034 1483 si
1059 1457 1156 1484 avos
1184 1442 1354 1493 viveret,
1384 1451 1428 1483 ut
1454 1458 1569 1484 nemo
1597 1444 1641 1485 in

51 1513 169 1555 domo
199 1514 435 1555 &marios-us
465 1522 575 1565 esset,
606 1523 686 1554 tres
716 1514 926 1555 luaeuriosi
937 1514 1150 1569 fuissetis.
1235 1513 1375 1568 Atque
1406 1511 1474 1555 W.
1503 1513 1640 1556 Muel-

52 1584 163 1626 lerus
193 1584 360 1640 quidem
389 1585 511 1626 verba
541 1585 587 1627 id
608 1586 734 1642 facio
765 1617 774 1626 .
806 1617 816 1627 .
846 1618 855 1626 .
887 1585 1046 1642 negabit
1076 1584 1175 1626 illuc
1204 1585 1274 1627 ubi
1305 1599 1414 1626 nunc
1444 1585 1640 1641 leguntur

51 1657 325 1712 transposuit3
354 1657 399 1698 in
428 1656 543 1698 codd.
574 1662 737 1698 exstant
766 1662 858 1711 post
878 1657 1088 1714 desunyor.
1149 1656 1210 1697 At
1234 1671 1331 1698 vero
1361 1657 1441 1698 ista
1469 1658 1638 1711 ratione,

52 1729 86 1771 si
118 1728 218 1784 quid
246 1728 378 1781 video,
409 1728 708 1785 dispescuntur,
753 1742 857 1783 quae
901 1735 986 1770 arte
1029 1728 1248 1770 coniuncta
1286 1737 1394 1770 sunt.
1469 1729 1637 1786 Optime

53 1800 279 1858 procedunt
305 1800 424 1844 haec:
457 1800 631 1853 ,iuvenis
661 1816 735 1855 ego
765 1800 966 1844 luxurior:
997 1800 1085 1842 iure
1110 1800 1308 1852 luxurior,
1339 1816 1436 1842 nam
1465 1808 1506 1843 et
1524 1808 1641 1858 pater

52 1888 169 1915 meus
198 1872 360 1914 iuvenis
389 1872 499 1914 idem
527 1872 639 1914 fecit:
671 1872 742 1914 sed
772 1872 805 1913 si
835 1872 957 1913 aetati
986 1872 1233 1924 satisfecero,
1264 1871 1315 1913 ad
1347 1873 1476 1915 bonos
1506 1888 1638 1915 mores

50 1946 258 1987 revertar.‘
323 1944 380 1987 Et
422 1945 620 1987 habemus
665 1944 743 1986 hoc
785 1944 906 1986 modo
941 1944 1065 1986 etiam
1099 1945 1271 1999 probam
1300 1944 1537 1998 clausulam,
1568 1945 1640 1987 ad-

49 2017 178 2059 missa
225 2017 545 2073 transpositione
595 2016 796 2058 sententia
843 2016 1056 2058 claudicat.
1129 2014 1216 2058 Cur
1263 2016 1388 2070 igitur
1435 2017 1637 2059 rationem

49 2089 164 2131 illam
198 2089 293 2131 iniit
326 2088 581 2131 Muellerus?
647 2089 717 2130 An
763 2089 933 2145 putabat
975 2088 1067 2130 istis
1111 2088 1248 2130 verbis
1293 2089 1427 2145 aptius
1471 2089 1639 2144 adiungi

52 2162 126 2203 illa
156 2163 230 2219 qui
256 2163 414 2218 qualem
443 2177 606 2203 causam
635 2162 777 2203 habeat
807 2193 816 2202 .
849 2193 858 2202 .
888 2160 1012 2203 solet?
1069 2160 1119 2201 In
1154 2160 1232 2212 his,
1278 2174 1381 2215 quae
1411 2175 1509 2203 sane
1538 2161 1644 2204 sicut

50 2233 227 2276 eduntur
256 2233 437 2287 intellegi
468 2233 636 2275 omnino
666 2247 750 2274 non
781 2247 900 2289 posse
929 2232 1143 2285 contendo,
1187 2232 1395 2274 cardinem
1435 2232 1494 2274 rei
1537 2233 1639 2274 verti

53 2305 243 2361 equidem
274 2305 514 2361 putaverim.
573 2305 638 2347 Ne
667 2305 818 2348 multa:
849 2305 908 2346 sio
938 2304 1203 2346 scribendum
1238 2310 1279 2346 et
1307 2305 1640 2358 distinguendum

51 2378 251 2420 arbitror:
282 2379 401 2420 Alter
436 2378 549 2419 vobis
586 2378 659 2418 hoc
695 2379 775 2419 ait:
813 2378 1023 2419 ‘concessis
1057 2379 1186 2419 aetati
1216 2376 1521 2434 voluptatibuffl)
1550 2386 1642 2419 utor

53 2459 89 2492 et
119 2482 128 2491 .
160 2483 170 2492 .
202 2450 423 2507 dffuvyOU
451 2450 499 2492 id
513 2450 638 2506 jacio
669 2449 777 2505 qnod
806 2482 814 2490 .
848 2483 856 2491 .
867 2450 980 2504 fecit
1010 2480 1018 2486 -
1052 2482 1060 2489 .
1085 2450 1269 2506 neyabit?
1294 2450 1397 2491 hona
1425 2465 1494 2506 eyo
1513 2457 1641 2490 aetate

54 2525 188 2580 σοφὴ·
216 2523 342 2564 simul
368 2555 377 2564 .
413 2555 420 2562 .
446 2522 696 2579 persolvere,
726 2529 910 2563 revertar
939 2521 996 2562 acl
1023 2522 1144 2563 bonos
1163 2522 1318 2562 mores!
1351 2521 1453 2576 qui2)
1484 2521 1641 2576 qualem

54 2611 219 2638 eausam
247 2596 389 2636 habeat
418 2595 628 2636 videritis:
644 2593 800 2649 facit3)
837 2595 1000 2635 etiamsi
1029 2610 1109 2635 non
1146 2593 1257 2648 quod
1285 2600 1438 2650 oportet
1453 2593 1568 2648 fleri,
1598 2600 1641 2634 at

55 2667 163 2723 quod
189 2668 298 2709 solet.
364 2667 482 2709 Alter
516 2667 596 2708 ait:
632 2666 729 2708 ‘seio
765 2682 826 2707 nze
862 2698 872 2708 .
904 2699 912 2706 .
949 2665 1133 2707 incedere
1170 2697 1179 2706 .
1211 2697 1221 2707 .
1257 2665 1329 2706 sed
1358 2698 1368 2706 .
1398 2696 1408 2705 .
1439 2673 1482 2705 ut
1512 2680 1636 2705 emen-

190 2777 216 2819 ¹)
241 2776 301 2812 Sic
324 2775 546 2817 Bursianus;
571 2775 670 2810 codd.
695 2786 793 2822 (qnae.
840 2775 897 2810 An
922 2775 1042 2809 verius
1065 2774 1189 2809 otiis?

188 2843 215 2885 ²)
239 2842 321 2878 Scil.
345 2842 567 2877 adolescens.

188 2910 217 2954 ³)
243 2910 346 2954 Quod
381 2909 481 2945 codd.
515 2909 649 2944 habent
673 2910 794 2956 saciat
829 2908 978 2952 proclivi
1014 2917 1135 2941 errore
1171 2906 1251 2940 inde
1288 2908 1406 2940 ortum
1443 2907 1511 2945 est,
1547 2905 1639 2948 quod

57 2965 159 3000 modo
181 2969 435 3009 praecesserat
458 2964 594 2999 habeat.

1420 3028 1442 3065 2
