2025 3131
1003 152 1271 193 ,10-

334 279 461 320 immo
490 277 631 319 cedere
660 275 767 317 fidei.
825 274 917 329 Ego
938 274 1039 316 mihi
1062 274 1245 330 persuasi
1273 273 1532 316 scribendum
1562 289 1668 318 esse:
1700 278 1757 317 ita
1785 294 1918 335 may-

333 350 558 392 m‘tudini
583 348 765 399 studet,
795 357 838 389 ut
866 364 946 389 non
976 347 1255 404 imprudenter
1285 346 1466 388 discedat
1497 364 1521 387 a
1538 347 1640 400 fide.
1709 345 1920 390 Sententia

333 421 546 478 perspicua
575 426 637 462 est
665 425 704 462 et
733 419 976 461 manifestus
1015 433 1143 461 error:
1188 423 1426 474 praeceptae
1471 423 1566 458 sunt
1609 433 1659 459 ex
1689 418 1919 474 insequenti

334 493 517 535 discedat
548 506 619 533 sex
648 491 742 533 illae
770 491 928 532 litterae
948 490 1095 532 scedat.

466 563 637 607 Contr.
655 563 686 605 Ι.
705 564 812 616 2‚11.
830 578 868 619 p.
885 562 1028 614 86,23:
1045 563 1167 605 szii
1181 563 1399 604 Gallionis,
1429 562 1660 603 Ambitiosa
1685 563 1751 604 lex
1772 573 1851 606 est:
1867 565 1924 607 ad

333 636 606 679 sacerdocium
621 653 701 679 non
717 637 823 678 ullas
840 635 938 687 (misi
951 633 1149 692 'intem-ae)
1174 651 1251 676 non
1268 635 1497 676 sanctitatis
1514 643 1678 686 tantam,
1701 634 1922 690 sedjelz'ci-

334 710 428 751 tatis
458 708 646 750 admittit.
699 707 917 761 Ingeniose
948 712 1084 763 spreta
1115 706 1427 761 interpolatione
1464 705 1586 759 vulgo
1608 712 1767 762 recepta
1786 706 1923 749 locum

334 794 528 823 mancum
545 779 752 836 supplevit
767 777 969 821 Haasius:
987 777 1057 819 sed
1072 777 1180 832 quod
1200 793 1272 833 pro
1289 779 1516 819 nonnullas
1533 778 1696 834 scripsit
1707 795 1785 821 non
1802 780 1923 832 ullas,

336 868 413 906 ego
429 851 639 893 dissentio.
698 850 757 892 Ut
780 865 880 892 sana
894 851 966 891 fiat
980 850 1112 902 lectio,
1131 848 1337 891 deleamus
1354 849 1489 906 potius
1508 849 1696 891 voculam
1712 867 1802 904 ozon,
1819 866 1924 907 quae

336 924 444 966 unde
474 924 635 965 invecta
666 923 730 975 sit,
775 922 825 963 de
854 922 1002 964 erroris
1038 936 1184 976 genere
1213 920 1470 962 admonitum
1500 921 1721 975 neminem,
1765 923 1922 980 opinor,

335 995 493 1051 fugit.¹)
552 994 746 1037 Ceterum
776 995 990 1036 ambitiosa
1018 993 1084 1034 lex
1114 992 1265 1048 optime
1295 992 1462 1045 dicitur,
1509 1007 1642 1048 neque
1685 1000 1770 1036 erat
1799 1010 1871 1037 cur
1899 1010 1924 1037 a

337 1067 598 1121 Schultingio
621 1066 863 1123 scrupulum
895 1066 973 1108 sibi
1002 1065 1115 1108 iniici
1142 1071 1348 1121 pateretur
1367 1065 1668 1120 Kiesslingius:
1698 1067 1924 1109 rectissime

335 1140 530 1197 praecipit
560 1139 667 1182 Gell.
698 1139 751 1180 N.
783 1139 836 1180 A.
868 1137 1011 1179 VIIII.
1047 1138 1136 1189 12,1
1171 1139 1431 1180 ‘ambitiosus’
1471 1148 1506 1180 et
1537 1141 1610 1195 qui
1637 1140 1760 1181 ambit
1790 1149 1825 1181 et
1854 1142 1928 1196 qui

337 1214 527 1267 ambitur,
558 1218 597 1254 et
629 1211 898 1268 appellantur,
921 1216 966 1250 ut
985 1216 1082 1252 noto
1103 1209 1289 1265 exemplo
1309 1216 1412 1262 utar,
1443 1209 1552 1267 apud
1580 1208 1777 1253 Ovidium
1798 1210 1923 1264 (Fast.

333 1284 385 1327 V.
417 1283 516 1337 298)
561 1283 625 1326 dei
669 1284 787 1326 turba
831 1284 1065 1335 ambz'tz'osa3
1121 1282 1179 1324 sic
1212 1287 1353 1324 nostro
1388 1282 1476 1324 loco
1506 1283 1639 1338 legem
1669 1284 1924 1326 ambitiosam

335 1357 472 1400 vocari
499 1363 599 1413 puto
629 1357 679 1398 ob
709 1371 798 1398 eam
828 1370 1006 1407 causam,
1038 1354 1147 1409 quod
1177 1354 1294 1409 quasi
1323 1348 1470 1396 ambiri
1518 1369 1605 1397 sese
1649 1355 1749 1398 velit
1791 1370 1924 1411 neque

335 1429 456 1472 facile
485 1429 676 1484 cuiquam
705 1427 839 1487 faveat
869 1442 1077 1469 moremve
1106 1433 1232 1481 gerat.
1263 1450 1317 1455 —
1345 1426 1474 1469 Plane
1510 1427 1651 1469 eodem
1687 1427 1807 1470 modo
1837 1443 1924 1470 rem

336 1501 578 1544 administro
608 1499 774 1543 Contr.
805 1499 947 1541 VIIII.
971 1500 1077 1551 ⁶262.
1108 1514 1147 1555 p.
1169 1499 1337 1551 413‚15:
1368 1500 1550 1542 flffaz'orcs
1579 1501 1712 1542 nostri
1740 1500 1928 1542 viderunt

337 1591 458 1632 quam
487 1575 615 1630 effusa
658 1582 756 1614 esset
799 1572 1049 1630 z‘ozdulyentz'a
1077 1588 1163 1629 pro
1206 1573 1292 1613 sais
1336 1573 1573 1624 timentium,
1619 1589 1738 1629 quam
1769 1581 1927 1630 parata

339 1646 539 1704 quicquid
556 1653 799 1703 posceretur
829 1645 949 1698 dare3
979 1646 1115 1701 itaque
1135 1660 1220 1702 pro
1246 1654 1373 1702 patre
1404 1645 1468 1686 lex
1497 1653 1637 1687 nostra
1666 1661 1755 1687 cum
1783 1644 1926 1687 educa-

343 1729 428 1761 tore
453 1727 578 1776 pacta
608 1727 676 1759 est.
736 1716 866 1759 Codd.
898 1717 1050 1758 habent
1080 1718 1144 1758 lex
1173 1733 1252 1758 reon
1273 1732 1381 1759 cam:
1412 1732 1487 1758 nos
1508 1731 1641 1771 neque
1660 1731 1755 1758 cum
1775 1714 1925 1759 Schul—

335 1791 464 1846 tingio
494 1792 559 1833 lem
578 1799 719 1832 nostra
739 1805 871 1844 neque
892 1805 986 1832 cum
1006 1789 1212 1830 Bursiano
1234 1790 1298 1832 leat
1325 1791 1408 1831 iam
1428 1804 1560 1844 neque
1581 1804 1675 1831 cum
1695 1788 1729 1830 F
1732 1789 1830 1830 abro
1861 1789 1926 1830 lea:

334 1881 415 1907 non
438 1879 519 1921 pro
536 1863 749 1905 educatore
755 1864 883 1919 facta
907 1871 963 1904 est
985 1861 1223 1913 scribemus,
1253 1861 1324 1903 sed
1343 1861 1533 1903 tollemus
1554 1861 1804 1903 confidenter
1823 1859 1927 1901 illud

334 1953 431 1987 non,
462 1941 597 1977 ortum
632 1950 681 1976 ex
716 1950 762 1977 eo
791 1934 901 1990 quod
931 1934 1070 1976 statim
1100 1934 1282 1989 sequitur
1311 1936 1538 1991 non-potui
1565 1934 1792 1992 obligarifl)

469 2018 637 2062 Contr.
683 2018 717 2060 Ῑ.
761 2019 841 2070 5,6.
886 2033 925 2074 p.
960 2019 1127 2070 llO,l5:
1187 2019 1383 2069 Quartam
1427 2019 1612 2075 z'bz'fecz't
1642 2017 1748 2071 (scil.
1778 2014 1925 2069 Latro)

340 2093 633 2148 quaestionem:
663 2092 704 2132 si
728 2107 808 2132 non
835 2099 964 2148 potest
1000 2092 1208 2146 utriusque
1238 2100 1331 2132 rata
1361 2106 1445 2131 esse
1475 2091 1602 2148 optio,
1639 2099 1734 2132 utra
1763 2089 1928 2147 dzynior

338 2166 403 2206 sit.
464 2162 595 2206 Codd.
627 2162 823 2217 praebent
854 2172 1043 2218 quartam
1072 2163 1186 2215 mihi,
1218 2177 1267 2202 ex
1297 2176 1376 2216 quo
1406 2161 1508 2203 illud
1538 2163 1612 2214 ibi,
1643 2161 1751 2217 quod
1779 2160 1926 2203 Kiess-

341 2235 470 2288 lingio
492 2234 657 2291 placuit,
688 2233 820 2276 effecit
840 2233 1088 2286 Bursianus3
1118 2233 1216 2275 olim
1243 2234 1488 2287 vulgabatur
1508 2234 1614 2276 inde.
1672 2234 1732 2275 At
1751 2233 1927 2275 otiosum

481 2369 506 2413 ¹)
532 2369 693 2413 Largam
717 2367 844 2402 talium
876 2367 1117 2411 exemplorum
1141 2366 1276 2410 copiam
1307 2367 1494 2412 congessit
1515 2366 1650 2403 Kiessl.
1681 2365 1781 2401 Neue
1809 2364 1925 2400 Beitr.

338 2437 368 2460 z.
393 2425 491 2460 Krit.
516 2425 548 2459 d.
571 2424 678 2459 Rhet.
706 2424 787 2458 Sen.
813 2423 942 2458 Hamb.
970 2425 1066 2461 1871.
1089 2433 1122 2466 p.
1150 2426 1191 2462 10
1216 2433 1267 2466 sq.

470 2492 498 2534 ²)
523 2491 749 2535 Quamquam
773 2490 906 2527 dubito.
942 2500 1027 2524 num
1065 2499 1104 2524 re
1141 2499 1228 2523 vera
1262 2489 1332 2523 huc
1364 2489 1588 2533 pertineant,
1612 2498 1728 2532 pauca
1751 2486 1926 2522 subiicere

335 2548 424 2582 libet
448 2548 491 2582 de
517 2547 665 2582 Contr.
688 2546 718 2580 I.
743 2548 807 2588 3,8.
830 2556 862 2589 p.
889 2547 980 2586 982:
1015 2545 1149 2580 Cestizffi
1185 2550 1216 2580 et
1240 2544 1320 2580 illas
1350 2544 1528 2580 subiunaeit
1551 2545 1630 2580 huic
1652 2543 1796 2579 ultimae
1819 2553 1926 2590 quae-

337 2604 457 2639 stioni:
481 2615 529 2638 an
554 2602 604 2637 die?
628 2601 840 2637 immortales
864 2613 978 2636 rerum
1006 2600 1241 2636 humanarum
1258 2612 1376 2636 caram
1396 2605 1529 2646 afflarat,-
1569 2600 1705 2635 etiamsi
1728 2603 1854 2644 ayunt,
1877 2609 1926 2632 an

337 2659 557 2706 stnyulorwn
580 2663 714 2703 ayant5
737 2659 769 2692 si
791 2657 1011 2704 singulorum
1035 2661 1159 2701 ayunt.
1183 2668 1231 2691 an
1254 2656 1356 2691 huius
1381 2657 1522 2701 eyerint.
1570 2655 1683 2690 Nemo
1715 2653 1826 2689 semel
1850 2663 1924 2687 mo-

336 2715 435 2749 nitus
466 2714 615 2759 negabit
637 2713 725 2748 illud
749 2714 885 2748 etiamsi
921 2712 1123 2747 orationem
1157 2711 1387 2755 perturbare3
1424 2721 1503 2745 cum
1539 2713 1661 2746 autem
1695 2711 1800 2745 etiam
1822 2711 1924 2743 ante-

337 2770 544 2804 cedentibus
568 2769 711 2804 adnecti
735 2767 794 2802 vix
816 2769 942 2811 possit,
979 2767 1151 2811 equidem,
1188 2766 1262 2800 sive
1299 2775 1320 2799 a
1348 2765 1580 2809 praecedenti
1604 2776 1725 2801 caram
1750 2764 1924 2809 originem

336 2825 453 2860 traxit
475 2826 581 2861 etiam
604 2825 679 2859 sive
703 2824 771 2859 alio
796 2833 918 2859 errore
943 2827 1060 2859 ortum
1087 2825 1145 2858 est
1168 2824 1314 2866 etiamsi,
1348 2832 1420 2856 non
1456 2821 1694 2857 dubitaverim
1727 2820 1924 2856 restituere

337 2883 369 2916 si
392 2886 515 2927 ayunt,
538 2892 607 2928 eqs.
635 2880 815 2926 [Vahleno
841 2880 1067 2915 scribendum
1089 2878 1248 2914 videtur:
1275 2879 1454 2914 omnium
1477 2879 1515 2913 si
1538 2882 1661 2924 ayunt,
1683 2876 1768 2925 θρὰ]
