2050 3324
707 215 975 255 —15—

48 332 149 374 mihi
176 333 335 376 videtur
353 335 413 375 vir
436 349 621 376 summus
642 333 971 388 coniungendam
990 350 1079 376 esse
1102 338 1388 379 1·111111‹›rtalium
1411 342 1629 395 operum.¹)

47 403 134 446 Iam
181 420 276 446 vero
319 415 410 462 apte
456 405 739 459 Schultingius
772 405 796 447 l.
830 406 854 447 l.
896 407 1031 447 attulit
1070 408 1156 449 Cic.
1197 409 1236 449 in
1272 407 1362 451 Cat.
1401 409 1478 451 III.
1514 412 1632 461 1136

47 477 246 520 Memoria
279 489 420 525 vestra,
452 481 641 530 Quirites,
689 495 750 519 res
795 488 953 519 nostrae
989 480 1146 520 alentur
1181 497 1260 535 (ηε.
1319 479 1464 532 Quid?
1495 497 1629 522 nonne

46 549 196 605 optime
224 559 381 592 constat
411 551 630 600 sententia,
662 550 695 590 si
727 550 942 591 scribimus
983 551 1086 591 [clem
1125 553 1288 592 virtutis
1318 562 1410 594 tuae
1439 554 1631 609 qeaez'Ji'uis

46 630 104 662 est
132 622 478 664 Romanorum.
539 624 602 663 [ιιι
615 622 895 663 mortalium
933 639 1096 678 opernm
1138 632 1269 663 (uastos
1304 626 1496 666 memoria
1527 624 1628 680 equa?

46 691 315 750 Transposita
344 701 440 734 sunt
469 693 549 734 duo
582 693 789 743 vocabula,
837 707 1009 747 quorum
1055 693 1227 735 alterum
1264 702 1468 750 praeterea
1498 696 1629 738 levem

47 764 250 806 maculam
281 764 454 817 traxit.²)

175 847 346 892 Contr.
378 848 431 890 ΙΙ.
463 849 530 899 9,2
563 864 599 904 p.
627 848 770 898 153‚24
792 863 946 899 omnes,
978 848 1086 903 quod
1108 849 1246 901 sciam,
1269 849 1444 892 editores
1466 851 1625 905 acquie-

45 928 189 962 verunt
218 920 259 961 in
290 920 366 962 hac
397 920 615 976 scriptura:
633 921 727 976 Rufi
754 921 869 962 Vibii.
889 921 1104 963 Habendos
1134 938 1217 962 esse
1238 923 1384 963 liberos
1414 925 1450 964 is
1478 939 1631 979 quoque

42 992 212 1044 iudicat,
243 995 318 1049 qui
345 1009 419 1034 non
452 994 711 1035 libentissime
741 993 867 1034 habet.
927 994 986 1034 At
1015 1001 1197 1034 extrema
1233 994 1355 1035 verba
1385 995 1629 1036 sententiam

49 1072 281 1120 pervertere
296 1063 397 1106 mihi
414 1063 615 1115 videntur,
634 1071 837 1119 augetque
854 1064 1104 1120 scrupulum,
1119 1065 1227 1120 quod
1239 1066 1279 1106 in
1296 1065 1454 1108 duobus
1464 1067 1628 1122 optimis

42 1135 159 1178 codd.
190 1150 273 1177 non
303 1144 434 1178 exstat
463 1137 589 1186 habet,
635 1135 705 1176 sed
748 1137 901 1178 habent.
971 1134 1137 1188 Seneca,
1184 1137 1226 1178 ni
1269 1137 1400 1189 fallor,
1446 1138 1626 1195 scripsit:

47 1208 250 1251 habendos
294 1225 378 1250 esse
414 1210 561 1251 liberos
597 1210 632 1250 is
668 1225 821 1264 quoqne
857 1209 1034 1259 iudicat,
1074 1212 1148 1265 qui
1174 1211 1505 1252 libentissime
1533 1227 1624 1253 nou

41 1281 263 1332 haberet,
285 1303 339 1308 —
356 1281 441 1322 scil.
474 1281 506 1321 si
538 1281 626 1321 sine
644 1280 781 1322 liberis
804 1281 940 1322 vivere
961 1289 1109 1338 posset,
1131 1295 1379 1336 quamquam
1410 1281 1516 1323 idem
1546 1281 1627 1323 iam

45 1359 127 1394 tres
156 1351 374 1394 abdicavit.
433 1351 628 1395 Ceterum
657 1352 788 1408 ipsam
826 1353 1065 1408 particulam
1095 1369 1171 1395 uon
1214 1368 1405 1410 persaepe
1442 1369 1466 1395 a
1502 1353 1626 1396 libra-

42 1423 114 1465 riis
144 1438 218 1466 suo
248 1424 336 1466 loco
366 1432 518 1466 motam
548 1439 637 1466 esse
667 1431 840 1465 constat.
872 1423 1005 1477 (velut
1034 1424 1105 1466 cfr.
1138 1440 1175 1480 p.
1212 1425 1372 1479 4053.)

174 1505 339 1549 Contr.
370 1507 426 1549 Π.
462 1508 566 1561 14,7.
598 1523 636 1564 p.
667 1508 809 1559 2202:
840 1508 995 1550 Cestius
1022 1508 1154 1549 aiebat
1174 1507 1441 1550 adulescentis
1461 1518 1626 1566 partem

42 1578 276 1636 diltyemz‘u-s‘
305 1580 586 1622 colorandam:
609 1580 761 1635 facere
790 1580 906 1621 illum
941 1595 1025 1621 rem
1053 1594 1131 1621 non
1160 1580 1406 1637 improbatum
1444 1596 1539 1621 nam
1568 1582 1627 1622 ita

33 1653 158 1707 patri
182 1668 261 1694 non
290 1653 490 1694 remitte-re
535 1652 643 1708 quod
686 1669 711 1693 α
746 1660 870 1709 patre
909 1652 996 1708 ipsi
1027 1652 1236 1693 remissum
1271 1653 1335 1693 sit.
1394 1652 1537 1708 Itaque
1566 1654 1626 1694 sic

40 1726 228 1766 narravit
256 1740 335 1780 eqs.
394 1723 458 1764 Ita
487 1722 778 1777 Kiesslingius.
839 1721 920 1764 Pro
964 1739 1047 1764 rem
1088 1723 1129 1763 in
1173 1721 1288 1764 codd.
1319 1722 1398 1763 AB
1443 1723 1625 1775 notabili,

46 1794 117 1836 sed
147 1795 362 1837 manifesto
392 1809 525 1837 erorre
563 1801 772 1836 exaratum
810 1801 871 1835 est
900 1810 1043 1851 reyem.
1105 1793 1233 1835 Valde
1276 1801 1412 1836 autem
1455 1794 1626 1836 dubium

48 1865 209 1909 videtur
251 1866 352 1908 illud
395 1884 491 1909 nam
535 1869 605 1920 ica,
651 1865 761 1920 quod
802 1880 827 1906 a
870 1863 1130 1920 Schultingio
1173 1865 1363 1908 effectum
1397 1873 1478 1917 est3
1509 1866 1624 1908 codd.

41 1937 194 1980 habent
235 1953 376 1981 omnes
419 1955 497 1980 nou
543 1940 613 1980 ita.
687 1938 826 1992 Atque
870 1937 1077 1979 turbatum
1121 1937 1276 1992 aliquid
1313 1937 1506 1980 hocloco
1535 1953 1625 1980 esse

42 2024 138 2051 sane
168 2009 235 2052 vel
263 2010 552 2053 hebetissimus
583 2009 716 2051 sentit.
775 2007 922 2050 Multis
952 2009 1147 2064 mirisque
1183 2008 1316 2051 modis
1346 2016 1553 2050 torserunt
1581 2024 1625 2051 se

43 2082 120 2123 viri
149 2081 270 2135 docti,
301 2090 346 2124 ut
376 2097 516 2124 veram
561 2082 774 2124 lectionem
818 2088 1132 2136 assequerentur
1145 2082 1192 2135 33)
1237 2095 1411 2136 quorum
1454 2087 1623 2123 conatus

41 2168 116 2208 ego
158 2154 400 2210 singillatim
443 2154 618 2196 refutare
662 2152 922 2210 supersedeo:
965 2168 1084 2195 nemo
1127 2153 1235 2196 enim
1278 2154 1413 2200 adhuc
1460 2164 1622 2200 senten-

176 2289 199 2329 ¹)
222 2286 297 2322 Ofr.
321 2286 401 2322 Liv.
425 2287 454 2322 Ι.
482 2290 551 2326 16,1
576 2287 630 2322 his
653 2286 908 2322 immortalibus
931 2286 1032 2322 edim
1056 2287 1228 2334 operibus.

172 2355 201 2398 ²>
226 2353 494 2389 Emendaturus
519 2363 613 2388 nunc
636 2363 735 2388 eram
759 2354 908 2388 Gontr.
932 2352 961 2387 I.
985 2354 1124 2397 praef.
1158 2357 1207 2392 17.
1246 2365 1278 2399 p.
1314 2358 1402 2396 64.4‚
1437 2367 1516 2392 cum
1551 2358 1622 2392 vidi

40 2408 112 2443 iam
137 2408 219 2444 olim
243 2412 342 2443 recte
368 2409 504 2443 editum
528 2418 626 2451 esse;
652 2428 694 2434 —-
719 2412 842 2443 tamen
858 2409 980 2452 paucis
1004 2419 1079 2443 rem
1096 2409 1276 2446 immerito
1293 2412 1498 2457 neglectam
1514 2413 1622 2448 attin-

42 2474 137 2509 gam.
182 2464 281 2499 Nihil
305 2465 400 2499 enim
424 2468 483 2499 est
506 2464 599 2508 quod
622 2475 715 2499 nunc
740 2464 859 2499 editur
881 2466 1000 2512 itaque
1025 2465 1204 2501 oculorum
1227 2472 1259 2502 et
1281 2469 1390 2503 aciem
1418 2468 1622 2504 contuderat

41 2525 73 2556 et
95 2519 245 2556 colorem
267 2525 474 2554 mutaverat.
499 2539 542 2544 —
570 2518 729 2555 Colorem
750 2525 888 2555 mutare
911 2519 990 2563 hic,
1022 2523 1062 2554 ut
1087 2521 1248 2564 saepius,
1271 2522 1418 2565 ponitur
1448 2523 1491 2557 de
1514 2523 1622 2566 palle-

42 2579 167 2611 scente
191 2575 345 2614 homine,
371 2575 405 2610 id
423 2576 641 2619 qumoptime
667 2577 902 2610 confirmatur
924 2575 1005 2614 illis,
1031 2586 1121 2619 quae
1145 2576 1283 2612 Plinius
1308 2577 1367 2621 (N.
1390 2578 1436 2612 H.
1462 2577 1545 2613 XX.
1570 2581 1623 2620 14)

42 2634 180 2674 narrat,
203 2631 316 2675 ipsius
341 2630 514 2666 Latronis
545 2631 738 2675 discipulos
763 2631 1008 2675 praeceptoris
1039 2632 1211 2676 pallorem
1243 2632 1458 2669 affectantes
1482 2634 1621 2669 cumino

42 2696 127 2722 usos
151 2696 246 2722 esse.
294 2686 421 2730 Itaque
444 2687 544 2731 prius
569 2692 599 2723 et
623 2687 826 2730 ponendum
851 2690 935 2721 ante
959 2686 1150 2723 oculorum.

173 2755 202 2798 3)
229 2753 322 2790 Olim
345 2754 453 2798 vulgo
478 2754 714 2789 omittebatur
736 2765 819 2796 non,
853 2753 946 2797 quod
981 2753 1139 2789 traditur
1175 2758 1261 2789 ante
1291 2757 1480 2799 remittere;
1504 2755 1622 2791 Faber

42 2813 232 2853 praeterea
258 2810 431 2854 expunxit
454 2810 610 2845 alterum
632 2821 715 2853 non,
738 2809 832 2853 quod
856 2813 980 2844 exstat
1004 2813 1087 2844 ante
1111 2809 1319 2858 improbam,
1353 2811 1503 2846 addens:
1540 2811 1621 2854 ‚nisi

43 2863 139 2900 forte
163 2874 238 2899 rem
262 2865 456 2909 improbam
480 2865 760 2909 interpretemur
782 2874 845 2908 pro
871 2864 973 2899 valde
998 2864 1130 2908 proba‚‘
1154 2886 1197 2891 —
1220 2866 1314 2909 quod
1330 2876 1408 2900 cum
1421 2866 1494 2911 legi
1509 2866 1620 2900 risum

43 2920 102 2955 vix
124 2921 237 2964 tenui,
261 2922 331 2955 etsi
356 2921 414 2955 ille
439 2921 569 2964 aliquid
593 2922 692 2958 certe
715 2920 792 2955 veri
829 2921 987 2954 sensisse
1024 2921 1181 2963 videtur;
1217 2924 1343 2955 contra
1367 2920 1521 2956 Fabrum
1546 2920 1619 2956 vul-
