2050 3324
811 180 1080 222 „31-

152 307 323 341 naturae
345 298 501 352 (nonne
529 307 706 356 praestat
725 301 998 353 staturae&
1012 305 1246 358 proceritas
1266 306 1468 346 enm-ahie.-
1496 307 1738 365 itafranya-

152 378 221 412 tur
249 380 292 412 ul
322 405 330 413 .
363 404 372 413 .
405 404 414 412 .
445 381 590 429 reptem
633 373 727 414 hnic
764 374 1018 430 extirpentur
1048 374 1260 416 radicitus.
1292 377 1386 417 huic
1416 375 1528 430 [non]
1557 382 1738 435 speciosa

139 443 282 499 facies
311 453 384 484 est:
411 452 543 500 polest
559 445 805 500 formonsus
834 444 1042 486 mendicus
1063 462 1164 495 essm
1196 448 1355 502 reliqua
1379 450 1553 490 membra
1573 451 1736 492 inutilia

149 515 232 555 sinc
261 531 341 570 eqs.
400 514 531 556 Miror
561 516 738 572 primum
769 531 833 558 me
864 517 905 557 in
929 515 992 557 his
1023 517 1245 560 offendere:
1276 534 1327 560 an
1360 535 1439 561 non
1470 528 1566 562 sunt
1595 522 1738 564 insana

149 584 221 626 illa
249 587 343 628 huic
378 590 630 644 erce'rpentm·
665 587 895 630 radicitus?
944 602 1047 643 quae
1091 604 1171 643 quo
1216 598 1332 645 putas
1371 591 1579 634 referenda
1620 595 1736 635 esse?

150 656 284 699 Immo
314 659 508 715 probatur
537 659 746 716 anaphora
767 660 866 701 satis
889 659 1068 701 dilucida
1089 660 1182 702 inde
1203 676 1227 702 a
1249 663 1446 704 vocabulo
1467 665 1561 706 lenio
1584 680 1733 707 novum

149 729 394 772 miserorum
436 731 690 773 cruciatuum
733 747 861 786 genus
907 732 1058 774 inferri.
1133 732 1211 774 Est
1257 748 1353 787 ergo
1402 750 1545 777 manca
1593 738 1733 788 oratio,

148 816 281 857 neque
324 802 447 844 nimis
489 803 656 845 difficile
699 811 761 845 est
804 803 1001 855 divinare,
1047 804 1146 859 quid
1181 813 1544 849 commemoratum
1586 808 1734 851 fuerit:

147 874 349 917 radicitus
378 877 588 932 extirpare
617 876 686 917 vix
717 876 812 932 poni
843 883 976 932 potest
1005 877 1085 918 nisi
1115 876 1164 918 de
1194 877 1376 930 oculis,
1419 885 1457 920 et
1487 895 1529 921 re
1559 895 1655 922 vera
1686 881 1736 923 de

148 945 213 988 his
243 946 287 988 in
316 947 392 990 hac
420 948 698 990 controversia
718 948 880 1005 saepius
900 949 1052 990 mentio
1072 949 1141 1001 fit;
1172 949 1221 991 cf.
1245 950 1351 991 infra
1372 966 1409 991 v.
1437 951 1486 993 13
1507 953 1575 994 illi
1601 962 1732 995 erutos

146 1019 294 1074 oculos,
325 1035 362 1061 v.
398 1020 447 1062 19
477 1030 672 1062 eruantur
711 1022 823 1062 oculi
853 1021 978 1071 illius,
1026 1035 1064 1075 p.
1105 1020 1255 1072 492,23
1300 1022 1410 1064 deme
1448 1024 1542 1065 huic
1585 1026 1732 1066 oculos.

145 1088 270 1143 Quod
291 1092 326 1133 si
345 1091 594 1134 attendimus
615 1091 740 1133 totius
761 1092 956 1133 orationis
977 1091 1352 1143 conformationem,
1383 1109 1602 1151 possumus
1624 1096 1730 1139 hanc

145 1163 228 1206 fere
270 1163 554 1206 commendare
598 1164 862 1219 scripturam:
906 1165 999 1206 huic
1043 1164 1248 1217 (eutimii
1288 1168 1429 1208 oculi
1468 1169 1615 1220 sunm)
1663 1186 1732 1211 ex-

143 1238 349 1294 tivpentur
376 1236 590 1279 radicitus.

880 1557 992 1620 IV.

275 1712 546 1756 Discedamus
576 1713 670 1766 iam,
703 1712 736 1754 si
767 1712 1028 1755 commodum
1057 1720 1137 1766 est,
1169 1729 1222 1756 ex
1258 1714 1335 1756 hac
1369 1715 1527 1757 lubrica
1565 1716 1728 1770 regione

143 1792 183 1828 et
211 1786 551 1841 transmigremus
581 1785 624 1827 in
654 1785 909 1842 provinciam
938 1785 1076 1841 aliqua
1104 1801 1155 1828 ex
1174 1792 1289 1843 parte
1309 1787 1512 1828 tutiorem.
1573 1785 1726 1830 Sumus

142 1859 253 1901 enim
302 1873 413 1901 nunc
464 1857 710 1914 disputaturi
764 1857 814 1899 de
864 1858 1184 1914 simplicioribus
1229 1858 1477 1914 quibusdam
1521 1860 1725 1902 scribendi

140 1931 360 1984 erroribus,
390 1930 535 1988 positis
565 1930 609 1971 in
640 1929 838 1971 similium
876 1930 1106 1973 litterarum
1136 1931 1389 1987 syllabarum
1429 1932 1721 1974 vocabulorum

142 2003 452 2060 permutatione,
482 2002 592 2058 quod
611 2017 754 2056 genus,
781 2008 828 2043 ut
846 2002 890 2044 in
910 2003 1102 2045 omnibus
1122 2003 1239 2045 libris
1261 2003 1417 2046 calamo
1437 2010 1478 2045 et
1496 2010 1724 2046 atramento

140 2074 389 2132 perscriptis,
419 2075 477 2117 ita
505 2074 548 2116 in
577 2073 649 2126 eis,
690 2073 923 2129 quibusad
952 2074 1238 2130 refingendum
1269 2073 1446 2118 Senecae
1474 2090 1576 2132 opus
1605 2076 1723 2118 nobis

139 2147 338 2190 utendum
366 2155 440 2200 est,
471 2146 672 2188 latissime
701 2152 823 2203 patet.
836 2146 869 2199 ¹)
930 2147 1071 2202 Atque
1102 2147 1342 2204 saepissime
1371 2147 1537 2202 quidem
1566 2148 1723 2190 librarii

138 2234 270 2275 neque
299 2219 546 2262 sententiam
574 2233 708 2274 neque
746 2219 873 2261 verba
902 2226 1094 2262 curantes
1125 2234 1228 2275 quos
1257 2219 1486 2262 litterarum
1515 2220 1650 2277 apices
1679 2221 1721 2262 in

135 2291 358 2349 exemplari
391 2306 464 2333 suo
491 2305 712 2346 agnoscere
740 2291 820 2333 sibi
850 2291 1111 2339 videbantur,
1149 2307 1217 2335 eos
1243 2293 1550 2348 religiosissime
1577 2307 1719 2334 exara-

135 2370 302 2408 verunt:
348 2363 455 2406 unde
498 2364 556 2416 fit,
602 2370 647 2405 ut
693 2363 794 2406 satis
838 2371 948 2406 certo
992 2364 1091 2406 talia
1133 2365 1283 2407 menda
1327 2365 1411 2408 fere
1444 2365 1605 2421 possint
1639 2364 1719 2406 elui

134 2450 358 2492 eorumque
401 2436 516 2491 origo
554 2436 839 2492 demonstrari,
884 2444 924 2481 et
965 2437 1201 2494 frequenter
1239 2452 1322 2479 una
1350 2437 1543 2494 paucisve
1571 2437 1718 2479 litteris

133 2508 302 2550 mutatis
345 2523 397 2551 ex
439 2509 634 2551 monstris
677 2510 810 2566 primo
854 2511 998 2553 obtutu
1032 2510 1257 2553 admodum
1292 2509 1477 2553 mirificis
1516 2510 1644 2566 proba
1679 2515 1718 2551 et

137 2580 246 2622 iusta
288 2587 469 2636 emergat
519 2581 738 2634 sententia;
778 2604 833 2612 —
867 2582 984 2625 cuius
1029 2582 1088 2624 rei
1131 2581 1320 2638 exempla
1362 2581 1570 2624 luculenta
1612 2581 1718 2623 infra

133 2659 358 2695 occurrent.
415 2652 573 2695 Verum
615 2653 810 2709 quoniam
855 2653 1041 2696 homines
1085 2652 1146 2695 illi
1188 2659 1295 2695 certe
1337 2653 1475 2707 aliqua
1517 2653 1717 2695 sermonis

131 2724 272 2767 Latini
314 2725 485 2768 scientia
527 2725 674 2768 imbuti
715 2731 850 2778 erant,
895 2725 1263 2769 innumerabilibus
1309 2725 1408 2768 locis
1450 2725 1612 2778 accidit,
1659 2732 1714 2776 ut,

267 2859 290 2901 ¹)
316 2857 496 2893 Nonnulla
529 2858 566 2893 id
599 2867 716 2903 genus
753 2858 842 2893 vitia
875 2868 940 2902 per
975 2859 1199 2893 occasionem
1233 2858 1303 2893 iam
1344 2867 1468 2901 supra,
1503 2857 1584 2892 dum
1619 2856 1715 2892 aliud

130 2914 283 2959 agimus,
306 2914 488 2959 corrigere
514 2915 728 2950 studuimus.
