2025 3131
935 105 1205 147 —26-.

411 223 577 267 Contr.
617 224 672 266 II.
711 227 846 280 14,13.
884 242 922 283 p.
966 228 1107 279 224,1;
1157 229 1299 285 placet
1341 231 1454 271 vobis
1485 232 1720 289 sruqalitas
1761 251 1861 290 mea,

277 296 385 352 quod
408 298 710 354 patrimonium
749 300 922 351 servavi,
960 300 1068 355 quod
1103 301 1317 356 acquisivi,
1363 301 1471 357 quod
1505 319 1674 346 uxorem
1707 315 1864 349 mature

275 369 391 423 duxi,
435 386 593 427 semper
631 370 777 423 delexi,
824 371 933 428 quod
974 373 1022 414 al»
1066 374 1179 414 omm’
1209 389 1270 414 me
1309 381 1434 415 tutum
1464 376 1620 431 fabula
1653 381 1861 434 praestiti.

275 440 362 483 Cur
392 441 459 483 hic
488 441 602 484 locus
633 443 908 499 suspicionem
944 443 1047 485 mihi
1077 450 1252 496 moveat,
1293 460 1416 487 causa
1444 453 1506 488 est
1536 447 1654 492 haec:
1700 449 1862 493 videtur

273 512 408 571 Hispo
429 514 656 558 Romanius
682 516 968 558 concinnitatis
994 517 1167 573 cupidus
1203 517 1423 560 deliberato
1444 519 1615 562 consilio
1636 522 1860 565 orationem

274 601 345 641 per
365 587 546 630 minutas
566 588 787 645 particulas
809 588 1057 642 concidisse;
1089 589 1198 644 quod
1226 590 1260 630 si
1281 597 1354 642 est,
1387 590 1562 633 efficitur
1582 594 1860 649 reponendum

273 659 396 701 etiam
426 675 536 704 esse:
588 660 764 718 (quod)
794 678 952 719 semper
982 662 1124 704 dilecci.
1139 661 1169 715 ¹)
1229 661 1318 703 Iam
1350 678 1456 715 vero,
1488 679 1538 706 ne
1559 665 1623 706 cui
1644 667 1860 723 scrupulus

272 732 458 785 resideat,
490 733 677 776 addenda
705 748 836 790 pauca
865 733 914 775 de
944 733 1014 775 illo
1047 734 1156 790 quod
1183 736 1399 790 acquisivi.
1444 734 1522 776 Est
1542 736 1633 788 hoc,
1664 738 1708 779 ni
1729 738 1860 793 fallor,

274 805 497 847 secundum
535 805 767 862 anaphorae
803 806 1053 858 membrum,
1097 821 1181 847 non
1218 821 1465 862 suspensum
1503 823 1553 850 ex
1589 810 1859 864 praecedenti,

273 878 462 933 valetque
493 879 603 935 quod
629 879 751 935 plane
780 878 889 920 idem
918 878 986 920 hic
1014 884 1136 933 atque
1166 878 1310 920 ceteris
1346 879 1469 921 huius
1499 881 1710 938 pericopae
1739 883 1858 936 locis3

272 957 371 1005 puto
407 951 517 993 enim
556 952 803 1008 acquirendi
833 951 1007 994 verbum
1041 951 1226 993 absolute
1261 951 1319 993 ita
1353 952 1533 1008 positum
1567 968 1669 1007 esse,
1717 962 1760 997 ut
1795 956 1859 997 in-

272 1023 488 1078 tellegatur
530 1024 687 1079 acquiri
740 1039 828 1066 rem
871 1023 1128 1065 familiarem.
1201 1022 1333 1066 Cuius
1378 1039 1477 1066 usus
1522 1026 1708 1083 exempla
1750 1027 1859 1084 apud

270 1097 507 1152 posterioris
524 1097 719 1153 temporis
737 1097 968 1153 scriptores,
985 1095 1304 1149 Quintilianum,
1325 1097 1354 1139 J
1356 1098 1583 1151 uvenalem,
1602 1096 1858 1153 Suetonium,

270 1169 435 1212 obviam
478 1169 596 1224 fiunt,
642 1185 693 1211 ex
735 1169 885 1224 quibus
930 1184 1060 1210 unum
1103 1175 1210 1212 certe
1253 1169 1305 1211 ad
1344 1169 1635 1212 illustrandum
1671 1178 1856 1215 nostrum

269 1241 404 1284 locum
435 1242 619 1299 apprime
648 1242 881 1299 appositum
901 1241 1080 1299 proferre
1106 1242 1241 1287 iuvat:
1272 1248 1404 1303 exstat
1423 1243 1467 1284 in
1487 1243 1857 1298 Declamationum‚

269 1328 374 1370 quae
419 1315 495 1357 sub
539 1314 789 1368 Quintiliani
831 1315 999 1357 nomine
1041 1315 1241 1370 feruntur,
1285 1330 1453 1370 corpore
1495 1314 1672 1367 (CCGII
1715 1317 1856 1371 extr.):

268 1387 473 1438 Quomodo
514 1397 656 1445 postea
694 1389 824 1430 vixit?
856 1404 977 1445 quam
1008 1388 1240 1446 fraqaliter
1287 1389 1530 1444 acquisivit?
1562 1405 1681 1444 quam
1703 1391 1862 1447 parce?

270 1476 392 1515 quam
421 1460 644 1504 laboriose?

401 1542 515 1587 Exc.
538 1543 704 1588 Contr.
725 1544 826 1587 IIII.
850 1546 887 1587 1.
918 1550 1039 1588 extr.
1070 1561 1109 1601 p.
1126 1546 1249 1597 262,3
1272 1543 1364 1600 (qui
1393 1544 1520 1597 locus,
1551 1551 1598 1586 ut
1617 1545 1742 1587 totius
1763 1546 1858 1588 libri

268 1617 475 1672 reliquiae,
507 1618 604 1660 solis
635 1623 918 1674 excerptorum
948 1618 1066 1660 codd.
1103 1623 1289 1660 servatus
1319 1616 1420 1671 est):
1452 1619 1571 1660 Festo
1602 1617 1667 1659 die
1696 1617 1858 1660 sodales

267 1692 467 1747 amicique
487 1708 652 1743 mecum,
676 1709 843 1748 quorum
871 1708 994 1733 imus:
1017 1691 1133 1747 ‘quid
1150 1693 1256 1733 hunc
1275 1692 1467 1732 miseram
1478 1691 1623 1748 perire
1636 1689 1860 1747 patimur?

267 1763 455 1819 Apparet
485 1764 675 1817 verbum,
716 1763 826 1818 quod
856 1764 927 1819 qui
956 1769 1146 1820 excerpta
1175 1762 1348 1805 confecit
1378 1761 1567 1804 omisisse
1596 1776 1679 1804 non
1708 1767 1857 1818 putan-

265 1834 342 1876 dus
372 1841 445 1888 est,
475 1836 742 1892 absumptum
771 1851 861 1878 esse
890 1836 1145 1878 antecedenti
1174 1844 1388 1889 noverant,
1420 1840 1464 1875 ut
1492 1833 1633 1876 fuerit:
1664 1833 1856 1888 (Erant)

254 1908 369 1964 festo
401 1908 467 1950 die
497 1925 578 1965 eqs.

398 1991 568 2035 Contr.
600 1992 695 2036 VII.
728 1994 863 2045 21,11.
894 2008 934 2049 p.
964 1993 1134 2045 346,18:
1170 1994 1243 2035 hoe
1284 1992 1393 2048 quod
1427 1992 1556 2033 obicio
1597 1991 1672 2046 qui
1695 1991 1740 2031 in
1760 1990 1857 2046 plu-

263 2066 378 2107 ribus
394 2065 518 2122 fecit,
551 2067 706 2107 occisus
736 2074 806 2108 est.
865 2064 1066 2107 Desidero
1087 2065 1156 2108 hic
1176 2064 1352 2106 obelum.
1411 2062 1555 2105 Unum
1586 2076 1752 2104 servum
1782 2076 1856 2103 an-

265 2143 329 2179 tea
363 2137 503 2193 plures
539 2137 708 2179 vitiasse
743 2152 951 2193 nusquam
986 2143 1348 2190 commemoratur,
1386 2135 1709 2190 infringeretque
1742 2133 1855 2176 filius

261 2209 350 2265 ipse
377 2210 435 2251 ita
463 2209 764 2265 quodammodo
793 2210 1064 2252 accusationis
1095 2211 1193 2252 vim.
1252 2209 1336 2251 Res
1366 2208 1456 2265 ipsa
1474 2207 1599 2249 fidem
1626 2206 1723 2248 facit
1752 2206 1853 2270 scriss

262 2282 444 2324 bendum
472 2297 581 2327 esse:
610 2284 684 2326 lzoo
715 2283 824 2340 quod
857 2285 985 2326 obicio
1026 2285 1101 2339 qui
1131 2282 1375 2340 (tyranni)
1414 2280 1716 2339 temporibus
1731 2280 1853 2337 fecit,

263 2356 420 2398 occisus
440 2365 508 2398 est.

393 2438 445 2480 In
474 2438 615 2481 eadem
644 2454 765 2496 porro
794 2438 966 2482 Contr.
998 2438 1096 2481 VII.
1127 2438 1263 2493 21,16.
1303 2453 1342 2494 p.
1379 2437 1532 2487 349,12
1569 2435 1740 2478 dubium
1769 2450 1852 2477 non

263 2517 336 2565 est,
368 2511 468 2566 quin
510 2511 730 2566 legendum
776 2512 845 2555 sit:
877 2513 1026 2555 Varius
1063 2512 1260 2554 Geminus
1297 2510 1345 2552 de
1389 2510 1631 2552 abstinentia
1675 2508 1850 2561 (servi)

259 2585 333 2627 sic.
392 2583 645 2626 Addendum
674 2590 737 2626 est
765 2589 886 2639 servi,
917 2584 1112 2639 quoniam
1142 2582 1294 2625 Varius
1324 2581 1528 2624 Geminus
1557 2579 1727 2622 minime
1765 2579 1849 2621 dis—

261 2661 443 2698 serturus
473 2655 523 2698 de
553 2657 801 2699 abstinentia
829 2663 891 2699 est
919 2657 963 2698 in
1008 2656 1260 2698 universum.
1300 2679 1355 2685 —
1390 2653 1447 2696 Et
1482 2652 1674 2696 ibidem
1714 2652 1740 2703 ἓ
1779 2652 1847 2695 20.

396 2789 424 2835 1)
450 2790 652 2826 Admodum
680 2790 891 2834 frequenter
919 2790 956 2824 in
986 2789 1179 2833 anaphoris
1210 2788 1363 2823 maxime
1394 2788 1445 2823 sic
1467 2787 1559 2831 lapsi
1591 2789 1676 2821 sunt
1699 2784 1846 2820 librarii.

259 2848 302 2882 cf.
326 2857 357 2891 Ρ.
382 2849 460 2885 84,3
485 2847 668 2891 (tantum),
689 2857 721 2891 p.
746 2848 844 2886 8824
872 2845 957 2891 (ut),
981 2856 1011 2890 p.
1039 2846 1153 2889 3363]
1184 2844 1323 2890 (dabo),
1349 2854 1382 2887 p.
1407 2845 1530 2883 42023
1556 2841 1662 2889 (per).
