2050 3324
930 189 983 228 423
1041 211 1094 215 —

164 311 396 354 delites-cone
425 311 612 367 equidem
643 309 826 365 suspicor
871 313 1080 351 ΕΦΕΡΟ
1096 312 1137 350 Υ.
1182 307 1305 358 Quod
1336 314 1471 348 autem
1502 308 1618 348 tertio
1642 307 1739 360 loco,

166 384 233 425 ubi
271 383 385 425 codd.
431 383 624 425 exhibent
656 386 969 429 ΕΝΑΙΝΕΊΥ),
1014 379 1266 420 Ribbeck-ius
1304 379 1474 420 coniecit
1517 380 1744 432 ἐμιαίνετο,

167 456 284 512 plane
315 456 492 497 alienum
538 455 575 495 id
608 462 669 495 est
712 462 751 494 et
780 454 831 494 ab
863 453 951 509 ipsa
981 452 1181 493 sententia
1218 458 1256 492 et
1295 451 1346 491 ab
1376 451 1570 491 orationis
1602 451 1744 503 forma,

165 542 267 582 quae
297 527 529 574 secundam,
562 542 641 566 nou
674 526 832 566 tertiam
866 524 976 565 verbi
1024 538 1238 579 personam
1286 530 1421 578 aperte
1451 522 1617 575 flagitat.
1690 522 1745 564 Et

164 615 213 641 ex
257 599 383 641 altera
427 599 591 653 quidem
636 605 747 654 parte
792 597 932 638 sanius
975 604 1036 637 est
1081 595 1188 650 quod
1233 594 1460 635 Bursianus
1491 594 1739 647 excogitavit

161 674 356 726 ἐμαίνου;
387 679 521 712 tamen
553 685 603 711 ne
634 669 710 711 hoc
738 668 903 723 quidem
935 668 1103 709 verbum
1135 673 1276 722 aptum
1306 665 1486 708 videtur:
1524 681 1604 706 non
1635 666 1743 707 enim

161 744 296 797 agitur
325 743 373 784 de
404 742 574 792 insania,
605 740 740 794 agitur
769 739 818 780 de
849 749 966 795 raptu
997 746 1036 780 ct
1060 738 1279 779 vitiatione.
1322 737 1548 792 Scripsvrat
1570 736 1735 788 Seneca,

161 816 239 857 nisi
269 815 428 869 egregie
465 813 594 864 fallor,
620 817 864 856 EAYMA
878 816 1057 855 INOY:
1089 811 1195 851 inter
1225 815 1263 851 E
1290 815 1329 851 et
1359 815 1409 860 N,
1452 817 1495 849 ut
1524 810 1582 860 fit,
1613 809 1737 850 omis—

160 904 251 930 sum
281 895 341 930 est
370 891 465 937 AY,
496 893 628 928 cetera
659 885 833 941 simplici
863 885 1020 926 incuria
1040 883 1277 925 deformata.

291 970 563 1012 Transeamus
592 969 642 1010 ad
673 968 956 1010 sententiolam
988 967 1145 1008 Damae
1175 964 1361 1008 Scombri
1394 964 1575 1005 nondum
1605 979 1741 1006 emen-

159 1042 308 1092 datam,
340 1041 516 1084 Contr.
549 1041 601 1082 II.
637 1042 769 1092 14,12.
802 1057 838 1097 p.
869 1040 1033 1090 223,11.
1081 1037 1211 1080 Cuius
1241 1043 1422 1079 extrema
1453 1037 1576 1078 verba
1599 1036 1741 1078 leviter

162 1114 377 1156 obscurata
406 1113 633 1155 Bursianus
678 1120 783 1155 recte
821 1112 917 1167 legit
948 1112 1020 1154 ita:
1067 1110 1256 1152 ἀσωτίαν
1295 1106 1504 1168 dammim
1547 1123 1594 1150 ea
1636 1122 1739 1163 quae

161 1185 406 1243 praecedunt
436 1200 618 1240 quaeque
641 1186 682 1226 in
713 1185 826 1228 codd.
859 1185 915 1226 ita
930 1184 1038 1240 picta
1056 1190 1168 1226 sunt:
1200 1184 1612 1226 CTHTHMENNN
1641 1180 1738 1233 (nisi

162 1258 269 1314 quod
299 1258 341 1299 in
373 1258 647 1300 B:CTHZH
671 1282 736 1309 —,
782 1258 821 1298 in
855 1257 928 1298 VT
947 1267 955 1294 :
976 1281 1024 1285 ’-
1049 1260 1267 1299 MEHNN
1293 1253 1462 1306 exstat),
1494 1253 1601 1294 idem
1631 1252 1738 1293 Bur-

158 1330 312 1382 sianus,
356 1353 410 1358 —
454 1345 550 1371 nam
594 1330 872 1385 antiquiorum
916 1329 1149 1371 criticorum
1194 1332 1436 1379 commenta,
1485 1334 1528 1365 ut
1571 1324 1653 1365 fere
1696 1325 1739 1365 in

157 1401 339 1449 Graecis,
371 1409 502 1443 tacere
533 1409 722 1458 praestat,
766 1425 820 1430 —
863 1401 1102 1443 emendasse
1147 1400 1227 1441 sibi
1270 1400 1384 1440 visus
1428 1405 1490 1439 est
1527 1396 1739 1439 scribendo

156 1475 228 1516 ἐπὶ
258 1472 334 1529 τὴν
362 1472 485 1528 ἐμὴνε
531 1473 600 1515 sed
631 1488 760 1528 neque
789 1473 1043 1525 Kiesslingio
1073 1472 1275 1529 persuasit
1303 1485 1435 1525 neque
1464 1469 1585 1521 mihi3
1630 1484 1738 1520 nam,

157 1553 201 1586 ut
229 1544 310 1586 alia
339 1554 598 1602 praeteream,
630 1547 722 1587 talis
741 1546 939 1588 sententia
968 1561 992 1587 a
1019 1545 1095 1586 filii
1124 1552 1237 1602 parte
1267 1544 1372 1586 dicta
1402 1542 1497 1584 ferri
1526 1542 1667 1596 nequit
1697 1542 1739 1583 in

156 1617 258 1659 serie
289 1619 581 1660 sententiarum
612 1618 811 1660 dictarum
842 1634 866 1660 a
897 1624 1011 1675 parte
1041 1617 1180 1674 patris.
1239 1616 1345 1659 Mihi
1383 1616 1518 1657 locum
1547 1619 1735 1655 nostrum

156 1690 420 1746 perpendenti
450 1691 552 1734 illud
581 1690 772 1734 ἀσωτίαν
803 1690 992 1752 ἂσωτεύῃ
1022 1691 1189 1748 prodere
1211 1706 1370 1748 semper
1400 1691 1536 1733 visum
1555 1697 1617 1732 est
1646 1697 1735 1745 ety-

157 1762 418 1816 mologicam,
444 1778 566 1818 quam
597 1765 745 1805 artium
782 1764 997 1819 scriptores
1034 1769 1193 1815 vocant,
1238 1763 1425 1817 figuram,
1471 1763 1738 1817 desideroque

159 1834 405 1877 adiectivum
454 1836 518 1878 vel
567 1836 700 1878 simile
749 1836 858 1892 quid.
936 1836 1086 1878 Nescio
1135 1851 1186 1877 an
1225 1842 1335 1878 certa
1382 1836 1434 1877 sit
1481 1835 1736 1878 emendatio:

183 1911 298 1950 ΣΤΥ
298 1911 333 1949 Γ
329 1912 593 1952 ΗΜΕΝΗΝ
617 1907 807 1951 ἀσωτίαν
835 1907 1034 1968 ἇσωτεὺῃ.
1109 1908 1296 1965 Increpat
1333 1915 1446 1964 pater
1475 1908 1629 1952 filium:
1675 1908 1737 1950 in-

156 1979 258 2035 visa,
288 1980 432 2036 inquit,
464 1981 565 2022 mihi
595 1988 656 2023 est
684 1988 755 2022 tua
783 1981 957 2023 luxuria.

290 2062 455 2106 Contr.
480 2063 618 2106 VIIII.
641 2066 775 2117 25,29.
808 2081 844 2121 p.
866 2065 1017 2117 411,ae
1047 2065 1104 2106 eis
1127 2064 1273 2116 verbis,
1305 2079 1409 2119 quae
1430 2079 1551 2121 supra
1570 2080 1595 2106 a
1614 2079 1739 2121 prava

155 2135 341 2177 mutandi
370 2136 540 2178 libidine
570 2137 775 2180 vindicare
805 2137 1051 2189 studuimus,
1081 2136 1309 2179 adnectitur
1329 2136 1594 2179 Euctemonis
1614 2151 1737 2191 quae-

156 2207 246 2248 dam
279 2209 489 2260 sententia,
527 2210 642 2251 cuius
678 2210 836 2252 tristem
872 2210 1048 2267 speciem
1084 2209 1365 2265 Kiesslingius
1396 2209 1587 2265 proponit
1616 2209 1737 2250 hanc:

155 2277 314 2330 πάντες
343 2279 536 2336 ἐνόμιζον
565 2281 634 2324 ὅτι
664 2283 908 2336 ΕΟΛΊὈ.Ῑ)
967 2282 1108 2324 Prima
1136 2282 1259 2324 verba
1288 2281 1496 2323 evidenter
1526 2280 1739 2323 emendata

156 2358 252 2392 sunt
280 2366 304 2393 a
334 2352 556 2406 Bursian03
602 2370 747 2410 parum
782 2370 974 2411 prospere
1008 2355 1045 2397 ei
1085 2354 1280 2397 successit
1315 2353 1487 2396 extremi
1531 2353 1737 2404 correctio,

155 2430 195 2464 et
224 2439 273 2465 ne
303 2424 391 2479 ipse
420 2425 581 2479 quidem
620 2426 834 2468 inventum
872 2442 992 2468 suum
1022 2429 1180 2484 σεσῷιο
1216 2427 1259 2468 in
1289 2432 1403 2468 textu
1433 2440 1580 2481 ponere
1610 2440 1735 2466 ausus

155 2501 230 2536 est.
282 2495 386 2538 Mihi
415 2497 516 2539 haec
545 2499 720 2540 occurrit
749 2499 990 2551 emendatio,
1013 2514 1135 2554 quam
1158 2506 1227 2540 tua
1255 2498 1493 2540 assensione
1512 2513 1595 2540 non
1616 2497 1735 2554 plane

288 2633 313 2680 1)
347 2635 541 2671 Levieulus
578 2646 678 2672 error
700 2637 736 2672 in
760 2637 855 2672 illius
881 2640 1092 2681 apparatum
1115 2637 1277 2672 criticum
1301 2636 1489 2680 irrepsisse
1515 2635 1667 2677 videtur,
1702 2634 1739 2669 in

156 2700 225 2734 quo
246 2694 435 2726 exaratum
459 2695 516 2726 est
532 2693 1223 2736 11.›1NT12'C12·MONZOOHECerm
1253 2692 1386 2728 rectius
1411 2691 1510 2726 dedit
1531 2692 1733 2726 Bursianus

158 2746 844 2790 HANTECEMONZONOIIECATO,
880 2748 1042 2792 idemque
1079 2749 1154 2783 sine
1191 2748 1296 2783 dubio
1332 2747 1456 2792 legere
1482 2749 1626 2782 veteres
1663 2745 1734 2780 edi-

156 2804 269 2837 tores:
295 2804 338 2837 cf.
364 2803 418 2838 ed.
442 2803 554 2838 Gron.
578 2814 608 2838 a.
633 2803 896 2839 MDCLXXII.
921 2816 957 2849 p.
982 2807 1055 2843 313.
1115 2805 1287 2839 Ueterum
1309 2803 1425 2847 ipsum
1451 2812 1588 2846 quoque
1613 2801 1738 2836 Kiess-

155 2857 305 2903 lingium
328 2858 422 2893 idem
446 2858 547 2902 sequi
571 2859 677 2893 docet
699 2859 777 2894 eius
801 2862 942 2903 textus3
969 2859 1031 2894 sed
1055 2859 1297 2894 adnotandam
1320 2858 1411 2893 hane
1434 2867 1509 2892 rem
1533 2856 1612 2891 ideo
1637 2856 1743 2900 duxi,

156 2922 202 2948 ne
225 2912 304 2959 quis
326 2912 461 2948 inscius
485 2913 522 2948 in
545 2913 705 2950 fraudem
729 2914 912 2951 incideret.
