2025 3131
994 87 1268 129 „38-

334 209 577 248 recitaturus
605 217 704 249 esset
734 210 776 250 in
808 209 1020 260 Mv'lone2103
1057 209 1212 251 Cestius
1248 226 1297 251 ea:
1334 208 1615 250 consuetudine
1643 225 1718 249 sua
1745 211 1916 250 miratus

336 277 512 319 dicebat:
542 281 583 320 sz'
608 280 744 321 Threx
773 296 909 332 essem,
941 282 1093 323 Fusius
1123 298 1245 323 essem
1275 297 1353 336 eqsu
1431 277 1572 330 Quid?
1603 279 1826 321 miratusne
1855 279 1915 321 di-

335 349 450 390 cebat
480 348 671 392 Cestius?
701 366 773 393 cur
802 352 965 396 tandem
995 353 1194 394 miratus?
1225 352 1399 393 Prorsus
1420 351 1564 392 insana
1584 351 1684 392 haec
1703 357 1765 392 est
1784 350 1914 402 lectio,

334 420 428 462 licet
457 422 657 478 patienter
686 438 775 464 eam
805 424 1014 466 tolerarint
1043 425 1184 467 critici.
1253 423 1365 475 Quid
1403 429 1761 464 commemoratum
1797 421 1917 464 fuerit

334 492 465 534 elucet
493 508 543 535 ex
573 495 756 549 sequenti
787 496 1041 538 narratione:
1090 497 1241 538 etenim
1271 495 1429 537 tumida
1469 494 1540 535 illa
1583 493 1711 536 Cestii
1755 494 1915 535 vanitas

336 580 435 607 sano
466 566 683 621 sobrioque
714 566 859 610 Cassio
891 568 1013 610 bilem
1043 569 1183 610 movit.
1243 567 1382 619 Quare
1413 567 1524 621 lego:
1562 568 1714 609 Cestius
1744 582 1794 608 ea:
1823 582 1914 608 con-

333 638 542 696 suetudine
570 656 645 681 sua
676 641 725 681 in
723 640 784 696 fl
792 649 900 682 atus
930 641 1096 682 dicebat.

467 708 642 752 Contr.
674 710 772 753 VH.
794 712 926 764 19‚10.
952 727 988 767 p.
1007 712 1175 764 333‚15:
1207 712 1349 754 Multis
1370 712 1604 768 compositio
1624 711 1721 753 belle
1735 711 1916 752 sonantis

332 785 548 824 sententiae
592 785 801 841 imposui&
843 786 979 840 itaque
1020 786 1186 826 memini
1213 785 1431 826 Latronem
1461 784 1664 836 Porcium,
1695 791 1737 824 ut
1767 798 1914 839 emp-ro-

333 855 468 896 braret
511 855 613 896 hanc
658 855 859 898 audiendi
898 857 1126 898 scolasticis
1167 857 1470 914 neyleyerztiam,
1516 888 1524 895 .
1560 888 1569 896 .
1601 888 1608 895 .
1652 856 1696 896 in
1739 853 1916 910 quadam

335 930 618 980 controversia,
650 945 740 970 cum
768 946 917 987 magma
949 931 1071 985 quasi
1097 929 1163 983 (vt)
1186 930 1360 986 fluerem
1393 937 1427 970 et
1457 929 1669 981 concitata,
1698 928 1758 968 sie
1786 927 1916 968 locum

335 1001 575 1042 conclusisse
605 1017 684 1056 eqs.
733 999 921 1057 Sumpsit
946 1001 1047 1043 haec
1066 1001 1347 1054 Kiesslingius
1368 1015 1392 1041 a
1411 999 1637 1054 Madvigio,
1668 998 1738 1053 qui
1763 998 1917 1039 inserta

333 1072 478 1113 vocula
507 1075 552 1114 υἱ
578 1071 689 1114 hune
718 1073 853 1115 locum
884 1074 935 1115 ad
964 1074 1166 1129 liquidum
1196 1073 1437 1130 perduxisse
1457 1073 1535 1114 sibi
1564 1072 1679 1113 visus
1700 1078 1772 1113 est.
1811 1071 1914 1125 Ego,

328 1167 383 1172 —
421 1159 520 1200 pace
574 1144 726 1185 summi
777 1145 856 1186 viri
902 1145 1090 1198 dixerim,
1126 1169 1178 1174 —
1216 1144 1477 1199 Madvigium
1520 1160 1664 1186 verum
1707 1143 1916 1186 invenisse

332 1231 449 1271 nego.
506 1215 693 1259 Primum
723 1217 820 1272 quid
855 1218 985 1259 valeat
1014 1217 1116 1259 illud
1155 1219 1277 1274 quasi
1308 1219 1361 1269 υἱ,
1403 1232 1485 1259 non
1522 1231 1735 1272 assequor3
1771 1214 1916 1258 deinde

333 1303 429 1330 vero
460 1289 566 1331 male
596 1305 638 1331 se
668 1289 791 1332 habet
826 1290 998 1346 pluralis
1029 1290 1098 1331 ille
1128 1307 1275 1348 maqua
1297 1291 1475 1347 fluerent
1505 1299 1539 1332 et
1569 1292 1780 1331 concitata.
1838 1287 1916 1330 Est

332 1360 460 1413 loeus,
498 1376 620 1416 quem
659 1377 742 1404 non
778 1362 976 1404 inutiliter
1012 1377 1106 1404 cum
1136 1369 1275 1404 nostro
1305 1362 1488 1404 conferre
1517 1362 1664 1418 possis,
1695 1377 1733 1418 p.
1768 1361 1915 1415 151‚15

334 1450 423 1475 cum
461 1436 583 1476 verba
625 1436 730 1476 velut
770 1437 927 1477 iniussa
963 1437 1161 1491 finer-enm
1192 1458 1246 1462 ——
1275 1449 1399 1489 quem
1436 1441 1572 1476 tamen
1609 1434 1642 1475 si
1679 1433 1914 1488 diligentius

330 1505 569 1562 inspexeris,
605 1522 630 1548 a
658 1513 798 1548 nostro
828 1507 927 1549 'eum
958 1507 1138 1562 aliquam
1168 1508 1344 1548 multum
1376 1506 1539 1548 differre
1568 1507 1755 1563 nihilque
1784 1506 1913 1548 offen-

334 1578 461 1620 sionis
497 1579 646 1621 habere
685 1579 846 1621 senties.
905 1579 1050 1635 Itaque
1091 1579 1288 1634 sagaciter
1331 1579 1560 1636 suspicatus
1596 1586 1657 1621 est
1686 1579 1914 1621 Bursianus

334 1650 594 1693 scribendum
633 1666 722 1693 esse
751 1653 914 1709 flueret.
978 1650 1102 1704 Quod
1141 1667 1221 1707 quo
1256 1652 1389 1707 magis
1429 1652 1733 1694 commendetur
1770 1651 1914 1693 afferre

332 1722 435 1764 mihi
465 1723 583 1765 liceat
612 1739 650 1779 p.
681 1724 833 1776 260,27
862 1725 988 1766 multa
1018 1733 1134 1766 erant
1163 1741 1264 1780 quae
1292 1724 1617 1782 reprehenderes,
1656 1725 1784 1766 multa
1814 1740 1915 1780 quae

333 1799 574 1852 suspiceres,
605 1813 696 1838 eum
715 1799 907 1839 torrentis
926 1797 1042 1839 modo
1067 1813 1232 1854 mayrcus
1254 1796 1427 1852 quidem,
1459 1797 1529 1839 sed
1547 1797 1734 1838 turbidus
1750 1797 1911 1853 flueret.

329 1867 380 1908 In
412 1868 556 1910 ceteris
587 1882 685 1909 sane
719 1868 856 1910 verbis
887 1868 1184 1911 constituendis
1215 1883 1297 1909 non
1328 1874 1389 1909 sto
1419 1883 1443 1909 a
1472 1868 1688 1920 Bursiano‚
1719 1867 1790 1923 qui
1818 1883 1912 1924 pro—

330 1939 489 1995 posuit:
539 1956 629 1981 cum
666 1957 807 1998 magno
845 1957 967 1983 cursu
998 1942 1149 1998 flueret
1185 1949 1220 1982 et
1250 1943 1459 1993 concitato,
1498 1940 1568 1982 sed
1598 1941 1730 1983 scribo
1759 1940 1912 1996 potius:

332 2029 421 2054 cum
455 2029 602 2070 maqua
637 2014 828 2070 phrasi
862 2015 1071 2070 flueret
1107 2022 1142 2055 et
1180 2016 1388 2055 concitata.
1458 2011 1544 2055 Cir.
1584 2028 1622 2069 p.
1655 2013 1805 2064 293,17
1834 2029 1914 2055 non

330 2085 446 2126 hexis
477 2101 621 2143 mayna
651 2085 725 2127 sed
747 2086 929 2143 phrasis.
961 2085 1119 2127 dicebat
1149 2088 1253 2127 enim
1284 2088 1403 2127 citato
1443 2094 1478 2127 et
1513 2086 1636 2142 effuso
1677 2102 1808 2137 cursu,
1844 2084 1917 2127 sed

325 2166 624 2214 praeparatus3
663 2163 703 2198 et
736 2172 775 2212 p.
817 2157 912 2209 243,
948 2157 973 2198 8
1007 2157 1235 2211 (habebat)
1274 2159 1453 2215 phrasin
1488 2174 1567 2199 uon
1603 2159 1810 2215 vulqarem
1843 2173 1914 2199 nee

330 2228 552 2281 sordidam,
582 2229 654 2271 sed
683 2230 836 2284 lectam,
863 2246 989 2286 yenus
1022 2230 1187 2272 dicenda·
1212 2247 1292 2272 non
1320 2231 1536 2271 remissum
1565 2239 1634 2272 aut
1664 2229 1911 2287 lan-quidemn,

331 2300 404 2342 sed
431 2301 578 2343 ardens
608 2311 644 2343 et
673 2304 925 2344 concitatum.

462 2370 630 2415 Contr.
659 2372 755 2414 VII.
788 2374 894 2426 23‚1.
925 2389 963 2429 p.
985 2375 1157 2427 361‚17:
1202 2376 1422 2432 Proponite
1450 2376 1562 2417 vobis
1591 2377 1705 2417 illam
1733 2375 1918 2432 supplici

317 2445 497 2501 faeiem,
538 2446 788 2502 carnfficem,
832 2449 1033 2488 securim:
1083 2448 1167 2488 iam
1210 2449 1282 2489 7200
1325 2448 1449 2488 semel
1483 2449 1603 2489 licere
1639 2449 1809 2488 nimium
1844 2455 1911 2488 est.

332 2515 486 2558 Omnes
522 2517 723 2573 pleniores
763 2517 876 2559 codd.
916 2518 1109 2560 exhibent
1143 2520 1325 2576 supplici
1357 2535 1522 2561 causam
1551 2519 1738 2574 faciam,
1777 2524 1816 2560 et
1851 2524 1913 2560 est

332 2589 509 2645 profecto
554 2590 796 2632 mendosum
840 2607 1018 2642 causam,
1051 2591 1121 2633 sed
1156 2606 1240 2632 non
1280 2591 1371 2633 ideo
1419 2591 1514 2633 licet
1556 2591 1634 2632 hoc
1666 2590 1912 2633 vocabulum

333 2661 498 2703 omnino
519 2669 713 2717 avertere,
733 2662 775 2703 id
796 2662 903 2717 quod
924 2677 1064 2704 omnes
1085 2663 1218 2704 adhuc
1238 2662 1410 2704 editores
1431 2662 1624 2705 fecerunt.
1660 2661 1782 2704 Unde
1802 2662 1911 2704 enim

332 2739 472 2775 natum
503 2734 585 2775 sit?
614 2750 665 2775 an
696 2735 858 2791 putabis
887 2734 1187 2790 agnoscendam
1217 2734 1564 2791 dittographiam‘?
1593 2735 1726 2776 Immo
1741 2735 1910 2792 faciam

331 2812 465 2847 ortum
503 2821 552 2847 ex
583 2807 744 2863 faciem
780 2813 945 2863 propter
979 2807 1222 2864 praecedens
1260 2824 1437 2850 causam.
1503 2806 1623 2849 Latet
1665 2807 1792 2861 igitur
1833 2806 1908 2848 ali-
