2050 3324
742 198 1016 239 ..21-

88 332 251 374 quaeso,
296 319 531 375 proficimus
575 318 720 361 collato
764 317 835 360 illo
880 334 1014 370 versu,
1058 332 1179 373 quem
1229 319 1397 375 primuS,
1448 320 1489 361 ni
1535 319 1667 370 fallor,

92 387 288 432 Schottus
318 390 517 441 adhibuit,

304 475 370 516 Ab
400 475 490 516 Iove
515 475 772 531 principium
801 474 964 514 illusae:
1004 474 1114 515 Iovis
1143 476 1277 515 οηιηίιι
1300 475 1456 532 plena?

222 555 356 598 Multo
387 556 534 598 rectius
563 556 675 608 olim,
708 562 751 596 ut
781 556 871 597 Nic.
904 555 1037 597 Faber
1074 556 1344 607 iudicaverat,
1387 557 1442 599 ita
1478 557 1674 599 iudicavit

90 627 177 683 ipse
207 627 484 682 Kiesslingius
516 627 658 681 (Neue
695 628 818 669 Beitr.
862 643 899 683 p.
934 628 1130 680 19—20),
1161 627 1295 670 locum
1327 628 1442 669 illum
1473 629 1670 684 Vergilia-

90 714 191 741 num
222 715 331 743 nunc
359 699 524 755 quidem
554 716 635 741 non
656 708 828 751 exstare,
857 699 984 741 fuisse
1005 706 1140 741 autem
1172 700 1259 756 ipsa
1287 700 1373 742 eius
1404 701 1527 742 verba
1547 703 1675 759 plena

91 771 163 814 deo
193 771 462 813 demonstrari
493 779 532 813 et
562 772 780 813 verborum
817 771 1081 814 collocatione
1116 779 1155 814 et
1184 770 1389 813 Gallionis
1428 772 1575 814 festiva
1606 774 1675 815 illa

94 844 357 900 usurpatione
386 852 425 886 et
456 844 597 886 Ovidii
627 852 764 901 aperta
793 845 1060 887 mutuatione.
1118 843 1242 897 Quod
1289 845 1323 886 si
1366 853 1440 897 est,
1486 846 1675 888 tollemus

91 915 276 958 fallacem
307 924 445 958 notam
475 925 596 971 atque
627 917 853 959 tenebimus
887 917 1090 958 imitatum
1121 932 1209 959 esse
1230 917 1411 960 Fuscum
1432 918 1509 960 hoc
1541 919 1676 975 ipsum

81 989 212 1045 plena
241 988 327 1039 deo,
360 996 568 1044 praeterea
597 989 712 1030 nihil.
772 989 892 1031 Nihil
934 996 1070 1031 autem
1112 990 1209 1044 agit,
1247 1013 1299 1018 —
1331 996 1373 1031 ut
1417 990 1497 1032 iam
1541 990 1591 1032 ad
1635 991 1676 1033 id

91 1073 172 1114 quo
204 1060 409 1102 tendimus
442 1062 666 1112 veniamus,
698 1085 751 1091 —
782 1061 815 1102 si
847 1061 939 1116 quis
969 1061 1099 1117 ipsius
1124 1061 1248 1104 Fusci
1281 1062 1406 1104 verba
1426 1062 1677 1117 quibuslibet

90 1131 182 1173 aliis
228 1131 479 1187 Vergilianis
525 1133 624 1175 locis
670 1133 805 1174 allatis
849 1133 1064 1175 emendare
1108 1133 1282 1176 studeat.
1341 1134 1437 1191 Ipse
1480 1135 1537 1176 ait
1573 1135 1674 1177 illud

91 1204 351 1260 potissimum
395 1205 472 1247 sibi
517 1212 610 1247 ante
653 1205 793 1247 oculos
839 1205 982 1249 fuisse:
1027 1221 1103 1247 nos
1147 1206 1241 1248 licet
1285 1206 1509 1249 iudicemus
1558 1207 1676 1250 valde

90 1275 261 1318 liberam
281 1291 371 1318 esse
392 1277 675 1329 imitationem,
707 1277 839 1319 aliena
865 1277 901 1319 ei
922 1278 1137 1320 obtrudere
1158 1294 1239 1320 non
1270 1278 1476 1320 debemus.
1536 1278 1676 1331 Quam

90 1348 142 1390 ob
171 1363 258 1390 rem
287 1349 541 1391 emendaturi
572 1349 681 1391 haud
712 1349 834 1392 dubie
870 1356 1061 1406 corrupta
1095 1351 1220 1392 verba
1248 1366 1321 1392 car
1350 1352 1424 1393 iste
1454 1352 1558 1393 inter
1589 1354 1676 1395 eius

96 1422 364 1463 mina-terium
389 1423 573 1479 plac-ult?
605 1438 686 1463 non
724 1422 782 1463 sic
816 1422 1213 1476 argumentabimur,
1252 1430 1295 1464 ut
1332 1423 1425 1465 fecit
1461 1421 1673 1466 Schultin—

89 1492 184 1547 gius
214 1493 318 1546 (not.
349 1509 388 1550 p.
425 1494 519 1547 34):
565 1494 696 1546 ,Nihil
741 1494 860 1536 video
902 1494 946 1536 in
990 1494 1056 1536 his
1094 1494 1400 1548 Virgilianum‘.
1459 1494 1568 1538 Cum
1597 1511 1678 1551 quo

93 1564 229 1620 aliquo
259 1565 380 1607 modo
409 1567 613 1608 consentit
641 1566 872 1607 Bursianus
903 1567 1019 1623 (spic.
1051 1567 1138 1609 crit.
1171 1582 1209 1624 p.
1239 1566 1305 1620 5),
1338 1567 1427 1622 qui,
1459 1574 1676 1624 postquam

90 1646 196 1681 recte
225 1637 420 1680 mendum
450 1638 650 1694 patefecit,
692 1638 954 1680 scribendum
986 1638 1085 1680 dicit
1114 1639 1179 1682 vel
1209 1641 1253 1682 in
1281 1641 1395 1682 triste
1423 1639 1490 1681 vel
1518 1642 1562 1683 in
1578 1641 1678 1697 foe-

92 1711 197 1763 dius,
228 1717 269 1752 et
296 1710 426 1754 addit:
459 1718 692 1766 ,utrumque
720 1711 832 1754 enim
861 1711 1145 1766 Vergilianum
1175 1718 1255 1763 est;
1286 1712 1336 1753 cf.
1358 1712 1464 1754 Aen.
1487 1711 1562 1766 VI,
1592 1715 1677 1756 223

93 1785 208 1825 triste.
244 1785 516 1826 mz'm'sterz'mn
560 1792 599 1825 et
641 1783 738 1835 VII,
770 1785 850 1826 619
881 1784 1019 1841 foeda
1047 1785 1303 1827 ministeria‘.
1368 1784 1457 1827 Iam
1488 1801 1580 1828 vero
1609 1801 1681 1842 per

92 1870 135 1896 se
179 1861 396 1910 utrumque
439 1871 462 1896 a
507 1855 655 1897 tradita
698 1856 897 1898 memoria
939 1862 1052 1897 tanto
1095 1871 1214 1913 opere
1248 1857 1412 1910 recedit,
1450 1865 1493 1899 ut
1522 1858 1678 1900 nullam

93 1927 239 1970 habeat
266 1927 344 1970 hac
373 1943 423 1969 ex
452 1935 567 1984 parte
596 1927 936 1984 probabilitatem,
958 1934 1100 1983 estque
1120 1932 1194 1971 iste
1214 1931 1257 1971 in
1277 1931 1390 1972 triste
1418 1935 1680 1988 xaxoqwm'cc,

91 2015 217 2055 quam
246 1999 441 2042 delicatae
476 2000 684 2042 rhetorum
722 2016 840 2043 aures
877 2001 964 2043 sine
1001 2000 1125 2043 dubio
1162 2002 1419 2058 respuebant.
1477 2003 1567 2059 Ego
1595 2003 1630 2046 F
1633 2020 1680 2045 u-

92 2087 206 2114 scum
242 2072 361 2115 credo
397 2072 570 2116 dixisse:
612 2091 684 2115 cm·
720 2075 793 2115 iste
829 2074 917 2127 (in)
955 2075 1167 2116 interius
1206 2077 1475 2118 ministerium
1499 2077 1684 2133 placuit?

90 2144 176 2187 Cfr.
200 2144 292 2186 Liv.
311 2144 546 2187 XXXXII.
572 2146 663 2199 17,4
689 2163 801 2203 spem
829 2147 1034 2188 amiciciae
1060 2148 1280 2190 interioris.
1339 2147 1434 2190 Tac.
1461 2148 1574 2191 Hist.
1595 2149 1628 2190 I.
1654 2152 1679 2192 2

91 2219 322 2260 interiorem
347 2220 588 2276 potentiam.
618 2241 670 2246 -—
700 2217 859 2260 Eadem
889 2219 1190 2275 praepositione
1224 2221 1268 2262 in,
1297 2220 1450 2262 inserta
1479 2219 1615 2263 Suas.
1645 2221 1678 2263 Ι.

93 2289 155 2332 15.
186 2305 225 2346 p.
259 2290 348 2340 102
380 2290 598 2345 legendum
628 2296 726 2347 puto
759 2307 872 2333 nemo
899 2292 1067 2333 illorum
1089 2294 1227 2349 potuit
1247 2302 1356 2335 tanco
1375 2295 1528 2351 spiritu
1548 2293 1681 2336 dicere

91 2372 239 2419 quanto
268 2363 391 2417 Pedo,
423 2365 497 2420 qui
522 2363 600 2416 (ιη)
635 2364 849 2421 ηαυξφαηίε
884 2364 1128 2407 Germanico
1167 2364 1269 2407 dicit
1307 2382 1387 2422 eqs.
1447 2365 1613 2407 Tradita
1641 2371 1682 2407 et

93 2434 330 2491 pervulgata
360 2434 477 2477 lectio
507 2435 609 2477 mihi
639 2435 788 2477 Latina
816 2451 899 2477 non
929 2435 1148 2490 videtur1),
1183 2436 1401 2492 siquidem,
1432 2461 1487 2466 —-
1515 2437 1564 2479 de
1599 2452 1680 2492 quo

91 2507 161 2548 vix
191 2522 315 2548 sanus
346 2507 566 2563 quisquam
595 2507 811 2560 dubitabit,
842 2531 896 2536 ——-
925 2507 1036 2550 Pedo
1067 2508 1145 2551 hoc
1164 2509 1325 2564 epicum
1355 2525 1532 2564 carmen,
1563 2509 1680 2552 cuius

89 2640 184 2675 hunc
209 2641 360 2675 modum:
392 2641 465 2686 ipse
489 2651 627 2688 quoque
650 2639 714 2675 hoc
727 2640 896 2686 futurum
923 2640 1172 2687 provideram,
1199 2646 1250 2683 ut,
1277 2642 1466 2677 memoriae
1492 2642 1565 2676 eiu-s
1594 2652 1680 2689 quo-

89 2698 175 2731 tiens
199 2697 335 2732 occasio
349 2696 494 2742 suisset,
517 2695 708 2742 dtfficuller
731 2695 910 2731 avellerer.
957 2695 1152 2732 Novissimi
1177 2697 1335 2732 editores
1360 2700 1402 2731 ut
1424 2696 1564 2741 priores
1595 2700 1680 2741 post

88 2753 162 2787 eius
186 2762 324 2787 comma
346 2756 496 2796 ponunt,
522 2752 614 2795 quod
639 2751 670 2786 si
695 2753 745 2796 tit,
770 2751 976 2787 necessario
1002 2752 1228 2788 scribendum
1245 2754 1355 2788 etiam
1373 2757 1430 2788 est
1452 2764 1476 2789 a
1499 2754 1677 2793 memoria,

89 2809 184 2843 sicut
207 2808 289 2843 olim
313 2807 518 2853 vulgabant.

224 2889 249 2932 ¹)
276 2887 336 2923 Sic
367 2888 516 2922 Contr·
550 2887 579 2922 I·
609 2889 674 2928 7‚5.
704 2897 736 2931 p.
770 2889 865 2929 1224
898 2893 979 2923 tunc
1004 2889 1160 2935 primum
1188 2900 1286 2935 eyere
1316 2890 1476 2936 queritur
1503 2889 1578 2931 iste,
1601 2899 1678 2924 cum

89 2955 214 2979 manus
237 2954 332 2979 meas
356 2943 455 2986 vidie,
477 2946 519 2977 ut
542 2943 712 2978 Latinum
738 2945 811 2983 fiat,
836 2943 1065 2979 scribendum
1089 2956 1186 2990 effere
1212 2943 1286 2988 (se)
1311 2945 1470 2992 queritur
1493 2973 1500 2979 .
1525 2970 1535 2978 .
1559 2970 1567 2978 .
