2025 3131
396 779 733 823 AEMILIUS
791 777 1075 822 THOMAS
1133 778 1223 821 DE
1281 777 1451 822 VI'I'A
1509 778 1656 821 SUA.

363 992 497 1033 Natus
536 1005 628 1031 sum
664 988 888 1041 Schrodae,
930 989 973 1030 in
1012 988 1160 1045 oppido
1196 988 1488 1041 Posnaniensi,
1526 988 1564 1030 d.
1601 987 1720 1030 VIII.
1759 1005 1813 1030 m.

229 1064 338 1118 Aug.
370 1079 405 1107 a.
435 1061 790 1106 MDCCCLVIII
819 1067 933 1117 patre
962 1060 1180 1102 Boleslavo
1210 1061 1514 1112 iurisconsulto,
1545 1067 1676 1102 matre
1696 1060 1815 1102 Elisa

229 1152 251 1177 e
280 1142 402 1190 gente
444 1134 715 1188 Brachvogel,
762 1148 864 1189 quos
910 1133 1028 1174 vivos
1074 1133 1140 1188 pie
1184 1148 1366 1175 veneror.
1426 1133 1543 1175 Fidei
1586 1133 1815 1189 adscriptus

230 1223 322 1250 sum
352 1208 624 1262 evangelicae.
681 1206 908 1248 Elementis
940 1206 1170 1247 litterarum
1200 1206 1308 1246 intra
1336 1206 1518 1262 privatos
1550 1205 1724 1262 parietes
1745 1222 1817 1262 per

229 1282 448 1335 magistros
506 1279 707 1336 quosdam
756 1279 941 1321 imbutus
995 1294 1102 1320 anno
1146 1278 1186 1320 h.
1233 1293 1263 1319 s.
1304 1277 1509 1330 LXVIII,
1555 1293 1649 1320 cum
1701 1285 1817 1335 pater

230 1354 555 1396 Krotoschinum
586 1352 910 1406 commigrasset,
941 1351 1172 1406 gymnasio,
1204 1350 1313 1405 quod
1343 1350 1400 1392 ibi
1431 1349 1684 1406 Gladischio,
1721 1367 1816 1393 sene

231 1426 468 1478 venerabili,
498 1431 654 1467 rectore
683 1431 781 1466 tunc
819 1424 1010 1476 florebat,
1047 1422 1221 1464 traditus
1258 1437 1350 1463 sum
1388 1423 1556 1478 eiusque
1592 1423 1816 1478 discipulus

231 1515 303 1556 per
332 1505 421 1541 octo
451 1513 581 1540 annos
609 1498 681 1539 fui.
740 1497 816 1539 Pio
837 1497 972 1538 animo
994 1511 1155 1552 semper
1175 1495 1306 1537 colam
1326 1504 1632 1552 praeceptorum
1653 1497 1816 1538 carissi-

231 1587 393 1613 morum
441 1570 700 1621 memoriam,
751 1570 821 1624 qui
869 1569 1101 1610 liberalium
1151 1568 1380 1609 studiorum
1429 1583 1611 1609 amorem
1659 1569 1703 1610 in
1751 1585 1816 1611 me

233 1644 467 1686 excitarunt
497 1648 536 1685 61
580 1641 785 1693 foverunt,
829 1642 935 1682 inter
979 1655 1081 1696 quos
1112 1655 1205 1681 cum
1235 1640 1481 1681 Nielaender
1522 1646 1562 1681 et
1605 1639 1818 1683 Guenther

234 1715 434 1772 philologi
463 1721 502 1756 61
537 1712 805 1756 Schoenborn
835 1713 1163 1765 mathematicus,
1201 1719 1288 1753 tum
1324 1712 1694 1766 Leuchtenberger,
1739 1728 1816 1768 gy-

233 1788 381 1830 mnasii
409 1786 774 1829 Krotoschinensis
804 1786 882 1828 hoc
907 1793 1090 1841 tempore
1109 1791 1253 1839 rector,
1283 1785 1399 1826 cuius
1420 1785 1582 1839 egregia
1602 1785 1819 1841 disciplina

237 1876 309 1916 per
337 1876 467 1901 111111111
497 1859 643 1901 Saltem
672 1874 828 1900 annum
862 1858 922 1899 1111
950 1857 1051 1900 mihi
1087 1857 1270 1912 contigit,
1309 1857 1524 1913 praecipue
1551 1857 1656 1899 mihi
1685 1858 1817 1899 nomi-

235 1932 358 1974 nandi
399 1938 508 1974 sunt.
572 1931 679 1973 Vere
722 1931 820 1972 anni
859 1931 899 1972 h.
940 1945 971 1971 s.
1010 1928 1201 1971 LXXVI
1245 1929 1494 1970 maturitatis
1538 1930 1817 1971 testimonium

234 2005 405 2061 adeptus
434 2004 622 2061 Lipsiam
661 2018 726 2046 me
763 2003 917 2045 contuli
957 2001 1102 2043 studiis
1140 2001 1398 2059 philologieis
1435 2017 1600 2058 operam
1637 2003 1818 2042 daturus.

235 2076 322 2120 Sex
340 2077 552 2118 mensibus
573 2082 666 2132 post
683 2075 833 2117 Jenam
853 2074 1026 2128 migravi
1054 2074 1192 2128 ibique
1213 2074 1293 2115 duo
1315 2074 1526 2115 semestria
1547 2079 1820 2115 commoratus

234 2164 449 2192 amoenam
489 2149 799 2190 universitatem
836 2147 1079 2189 Rhenanam
1116 2146 1211 2188 adii.
1277 2146 1408 2189 Cuius
1445 2146 1547 2188 civis
1592 2161 1684 2188 cum
1723 2146 1821 2187 item

234 2238 308 2279 per
336 2222 416 2264 duo
454 2221 665 2263 semestria
699 2220 882 2273 fuissem,
919 2226 1139 2262 auctumno
1169 2219 1266 2260 anni
1297 2218 1337 2260 h.
1370 2233 1401 2260 s.
1434 2218 1665 2260 LXXVIII
1695 2219 1821 2259 Bero-

235 2295 368 2337 linum
397 2294 524 2351 petivi
554 2300 676 2348 atque
711 2293 847 2335 adhuc
883 2293 927 2334 111
962 2292 1040 2334 hac
1068 2291 1177 2333 alma
1211 2291 1441 2332 litterarum
1476 2290 1570 2333 sede
1604 2290 1655 2332 ad
1687 2290 1822 2331 studia

237 2383 329 2410 mea
385 2366 566 2409 incubui.
661 2363 834 2407 Scholas
878 2364 1135 2420 frequentavi
1181 2363 1459 2420 professorum
1502 2362 1823 2404 clarissimorum

236 2440 401 2483 Ritschl
430 2438 600 2482 Curtius
631 2438 773 2492 Lange
802 2438 984 2480 Leskien
1003 2437 1333 2480 Huebschmann
1353 2436 1646 2493 Lipsiensium,
1677 2434 1822 2476 Rohde

238 2513 287 2555 de
316 2511 567 2555 Gutschmid
605 2511 841 2553 Delbrueck
880 2511 1053 2552 Eucken
1099 2509 1357 2563 Jenensium,
1401 2508 1627 2550 Buecheler
1662 2506 1823 2549 Usener

236 2585 402 2628 Kekule
457 2584 759 2637 Bonnensium,
815 2583 978 2625 Vahlen
1032 2582 1256 2624 Kirchhoff
1306 2581 1506 2623 Huebner
1552 2578 1827 2622 Muellenhoff

237 2657 372 2700 Zeller
400 2656 745 2699 Berolinensium.
803 2655 969 2711 Lipsiae
989 2662 1198 2710 praeterea
1218 2653 1369 2695 sodalis
1396 2653 1455 2695 fui
1480 2659 1520 2694 et
1540 2650 1823 2708 proseminarii

238 2729 488 2787 philologici,
519 2728 629 2784 quod
664 2727 951 2770 moderabatur
979 2727 1160 2782 Lipsius,
1199 2732 1238 2768 61
1278 2724 1413 2768 Curtii
1449 2724 1652 2766 societatis
1687 2737 1823 2777 gram-

241 2802 412 2845 maticae
453 2808 493 2844 61
529 2799 743 2856 Goeringii
780 2800 983 2843 societatis
1020 2799 1336 2856 philosophicae.
1395 2797 1523 2840 Porro
1558 2797 1687 2840 Jenae
1721 2794 1824 2837 mihi
