2025 3131
996 152 1158 194 -16
1216 175 1268 180 „-

343 272 493 313 tiarum
539 285 801 327 progressum
839 272 1002 327 penitus
1045 272 1201 328 cepisse
1246 272 1416 314 videtur.
1513 272 1668 314 Verum
1716 274 1923 315 enimvero

341 342 561 385 tenendum
592 349 655 384 est
683 348 775 383 ante
806 343 944 384 omnia
972 343 1109 399 ipsum
1140 342 1269 386 Cestii
1305 344 1480 385 colorem
1512 344 1625 386 nullo
1655 345 1775 386 modo
1805 360 1924 401 posse

341 414 504 456 initium
533 429 674 471 capere
704 430 727 455 a
758 416 892 456 verbis
909 416 1059 472 facere
1089 418 1205 458 illum
1236 448 1245 457 .
1279 450 1287 458 .
1307 449 1316 467 ,
1337 415 1407 456 sed
1437 415 1601 457 demum
1631 431 1655 457 a
1685 416 1820 458 verbis
1848 419 1923 459 ita-

341 503 417 542 que
446 489 506 528 sic
533 489 734 539 narravit,
766 488 901 543 priora
931 493 1065 530 autem
1097 488 1167 529 illa
1197 503 1361 529 causam
1392 489 1618 538 continere,
1650 503 1722 529 cur
1751 488 1924 542 diligen-

341 559 423 599 tius
454 558 715 601 colorandam
746 559 1013 602 adolescentis
1044 567 1198 616 partem
1229 560 1528 601 existimaverit
1558 560 1722 602 Cestius
1794 560 1923 615 Atqui

339 636 402 672 est
444 645 490 672 eo
534 630 771 684 diligentius
816 631 1033 673 color-anda
1075 632 1212 686 aliqua
1259 646 1366 687 pars,
1412 646 1492 686 quo
1522 631 1659 672 minus
1689 638 1924 688 exspectare

342 701 436 744 licet
465 702 619 745 iudices
650 718 722 759 per
752 717 795 744 se
825 704 860 745 ei
890 703 1074 745 fauturos
1104 718 1214 745 esse:
1257 703 1315 745 sic
1350 710 1490 745 nostro
1526 703 1613 745 loco
1645 702 1809 746 Cestius
1838 703 1926 744 sine

340 773 463 816 dubio
493 774 568 816 filii
598 775 803 817 luxuriam
833 775 939 831 patri
959 775 1162 832 imputare
1183 775 1318 817 studet
1348 775 1506 816 nullam
1531 775 1654 817 aliam
1675 776 1726 817 ob
1746 790 1924 827 causam,

340 846 424 887 nisi
453 846 562 901 quod
591 862 663 903 per
694 862 736 888 se
765 847 853 889 iure
882 847 1012 903 possit
1039 847 1243 903 quispiam
1274 861 1450 902 aequum
1479 862 1562 888 non
1582 854 1736 903 putare,
1769 847 1803 889 si
1833 847 1925 902 quis

339 918 455 960 alteri
499 933 581 959 non
624 918 803 959 remittat
846 918 954 960 idem
999 918 1107 973 quod
1137 919 1188 960 ab
1218 919 1289 960 illo
1319 919 1398 974 ipsi
1429 919 1648 961 remissum
1679 920 1743 961 sit.
1801 917 1926 970 Quod

341 990 375 1031 si
405 996 512 1031 recte
541 989 796 1046 disputatum
825 1005 914 1032 esse
957 991 1217 1042 concesseris,
1262 1006 1343 1032 non
1388 991 1625 1045 gravaberis
1665 991 1769 1033 hanc
1809 1007 1833 1032 a
1861 1006 1926 1033 me

340 1062 520 1118 accipere
563 1063 913 1106 emendationem:
959 1064 1109 1120 facere
1154 1065 1272 1106 illum
1316 1080 1411 1106 rem
1449 1080 1543 1106 nou
1587 1065 1662 1106 ita
1699 1065 1925 1120 probam:

330 1136 477 1191 patri
501 1151 599 1176 nou
628 1137 885 1177 remittere
915 1136 1024 1191 quod
1052 1153 1077 1177 α
1096 1145 1222 1192 patre
1252 1137 1341 1192 ipsi
1366 1138 1579 1178 remissum
1608 1137 1672 1178 sit.
1733 1134 1836 1178 Orta
1865 1141 1927 1177 est

341 1205 575 1262 depravatio
605 1206 682 1248 hoc
711 1206 849 1249 modo:
880 1207 950 1261 qui
980 1207 1230 1262 archetypon
1259 1207 1431 1249 confecit
1465 1208 1610 1249 vitiose
1632 1207 1818 1249 exaravit
1846 1223 1924 1250 uon

338 1279 553 1335 inprobam
594 1278 878 1334 intellectoque
921 1294 1053 1321 errore
1099 1279 1386 1336 superscripsit
1432 1297 1511 1322 «non
1558 1282 1629 1332 ita,
1681 1279 1925 1336 posteriores

340 1356 475 1391 autem
505 1351 674 1404 librarii,
707 1358 751 1392 ut
770 1352 894 1393 etiam
909 1351 1007 1393 alibi
1030 1351 1182 1394 factum
1204 1349 1435 1404 vidimusfl)
1468 1359 1685 1406 utrumque
1715 1358 1924 1393 servantes

338 1421 512 1464 alterum
540 1423 658 1465 alteri
686 1429 963 1480 postposuere.

472 1494 637 1537 Contr.
655 1495 710 1538 X.
727 1496 863 1548 34,ll.
880 1512 918 1552 p.
935 1496 1103 1550 506,18:
1121 1497 1370 1539 Producitur
1394 1513 1514 1539 senem
1529 1497 1821 1552 uobz'lz‘s,flcus,
1844 1512 1926 1538 res-

333 1570 493 1625 piciens
504 1570 711 1625 patriam:
736 1570 896 1626 placuit
921 1571 994 1611 isti
1017 1570 1168 1620 vultus;
1195 1571 1334 1611 habuit
1355 1569 1519 1625 aliquid
1541 1569 1771 1611 Promethei
1794 1569 1926 1610 simile

339 1642 558 1682 ctz'amante
574 1650 782 1683 tormenta.
823 1640 953 1684 Codd.
972 1641 1167 1683 exhibent
1183 1643 1303 1683 etiam
1325 1651 1416 1683 aute
1438 1651 1646 1697 torquam3
1668 1640 1777 1696 quod
1793 1639 1925 1682 editur

339 1722 429 1754 ante
471 1722 666 1755 tormenta
709 1719 771 1755 est
813 1713 1070 1770 interpolatio
1100 1719 1346 1770 pervetusta,
1376 1729 1427 1755 ex
1452 1713 1666 1769 excerptis,
1687 1719 1733 1754 ut
1751 1711 1923 1763 videtur,

339 1784 464 1840 petita
504 1786 564 1841 (p.
598 1785 762 1838 524,1>,
799 1800 923 1840 quam
959 1801 1041 1828 non
1077 1785 1277 1828 debebant
1312 1791 1449 1827 tenere
1484 1785 1701 1827 novissimi
1737 1783 1923 1826 editores.

341 1855 509 1898 Etenim
532 1857 784 1913 corruptelae
805 1858 918 1912 origo
940 1864 1027 1899 tum
1048 1857 1213 1899 demum
1234 1857 1376 1909 elucet,
1399 1857 1431 1898 si
1450 1857 1641 1899 scribitur
1661 1859 1782 1899 etiam
1801 1866 1926 1899 ante-

342 1946 482 1984 quam
518 1937 847 1985 torqueretur.
906 1929 984 1971 Est
1013 1930 1091 1972 hoc
1121 1945 1217 1971 sane
1247 1929 1466 1981 levidense,
1499 1928 1568 1971 sed
1590 1928 1776 1971 consulto
1806 1928 1923 1970 attuli

340 2000 463 2042 etiam
483 2007 706 2057 propterea,
724 2002 833 2056 quod
850 2002 967 2044 video
983 2002 1024 2045 id
1040 2003 1292 2059 comprobari
1311 2003 1510 2058 scriptura
1525 2001 1762 2043 correctoris
1783 2000 1869 2042 cod.
1888 2000 1921 2042 T

342 2082 555 2128 antequam
571 2082 765 2130 torqueat,
787 2088 902 2128 quae,
923 2080 969 2115 ut
996 2090 1068 2130 per
1099 2089 1141 2116 se
1170 2089 1361 2130 perversa
1381 2081 1454 2129 est,
1485 2074 1542 2115 ita
1561 2088 1611 2115 ex
1641 2088 1736 2115 vera
1763 2073 1836 2114 illa
1863 2072 1924 2114 fa-

340 2144 492 2186 cillime
521 2145 634 2187 nasci
665 2146 808 2202 potuit.
846 2144 916 2188 Sic
945 2146 1222 2198 confirmatur,
1253 2146 1296 2187 ni
1317 2146 1448 2199 fallor,
1470 2146 1548 2188 hoc
1575 2160 1736 2201 quoque
1761 2145 1848 2188 loco
1867 2144 1923 2198 id,

341 2216 453 2271 quod
481 2216 538 2258 H.
569 2217 612 2258 J.
643 2216 870 2259 Muellerus
892 2225 998 2260 recte
1019 2219 1259 2260 observasse
1279 2218 1490 2271 videtuffl)
1510 2218 1622 2260 haud
1648 2218 1707 2259 ita
1724 2232 1816 2259 raro
1835 2231 1923 2259 cor-

341 2296 540 2330 rectorem
569 2289 688 2331 illum
718 2290 895 2332 codicem
917 2290 1106 2345 aliquem,
1137 2305 1218 2332 non
1247 2305 1368 2332 suum
1387 2291 1599 2345 ingenium
1620 2295 1804 2332 secutum
1821 2303 1922 2331 esse.

473 2371 644 2416 Contr.
674 2373 732 2415 H.
767 2374 897 2426 14‚11.
935 2390 973 2429 p.
1011 2375 1133 2426 2228
1170 2374 1213 2415 in
1248 2374 1381 2416 colore
1410 2374 1660 2429 Argentarii,
1690 2373 1761 2429 qui
1788 2372 1922 2430 philo-

343 2444 451 2499 logis
482 2445 623 2486 multis
653 2445 804 2486 multas
834 2445 987 2487 creavit
1015 2446 1244 2499 molestias,
1275 2447 1480 2501 integrum
1508 2447 1625 2489 colon
1654 2452 1923 2500 transponen-

342 2516 441 2558 dum
475 2531 565 2558 esse
594 2516 848 2571 Kiesslingio
885 2517 1087 2573 persuasit
1122 2517 1190 2560 W.
1221 2517 1468 2560 Muellerus:
1507 2533 1632 2573 quam
1661 2518 1711 2559 ob
1741 2532 1828 2559 rem
1857 2517 1923 2558 hic

341 2629 466 2670 gatam
489 2626 680 2661 lectionem
706 2626 796 2661 satis
821 2627 949 2662 inscite
975 2627 1135 2662 defendit
1158 2627 1384 2670 Gronovius;
1408 2628 1669 2672 Schultingius‚
1692 2630 1734 2661 ut
1757 2627 1923 2670 vidimus,

343 2681 569 2716 scribendum
595 2682 738 2716 censuit
760 2694 844 2717 uam
866 2684 916 2718 ita
935 2685 1038 2729 patri
1060 2695 1129 2719 uon
1153 2685 1344 2726 remittere3
1380 2683 1421 2719 O.
1456 2684 1609 2718 Jahnius
1644 2682 1794 2725 denique
1830 2682 1923 2725 apud

341 2738 559 2772 Bursianum
581 2738 772 2782 proposuit
794 2749 865 2773 uon
888 2738 979 2774 idem
997 2740 1100 2786 patri
1121 2741 1304 2775 remittere.

475 2804 503 2849 l)
528 2804 602 2840 Cft.
626 2805 736 2839 etiam
760 2805 895 2840 Kiessl.
920 2805 1021 2840 Neue
1045 2805 1162 2842 Beitr.
1184 2816 1219 2849 p.
1242 2809 1272 2843 4.

475 2874 500 2915 ²)
524 2873 597 2907 Cfr.
622 2872 845 2908 Fleckeiseni
868 2883 949 2907 ann.
975 2873 1045 2908 vol.
1070 2872 1187 2908 CVII.
1213 2883 1245 2917 p.
1270 2875 1345 2912 547.
