2050 3324
694 226 956 265 -11-

38 351 78 386 et
109 360 279 400 pravum
309 355 370 388 est
402 355 637 401 utrumque:
670 346 906 401 simpliciter
937 346 1159 387 tollendum
1205 357 1264 387 est
1312 350 1431 399 milei,
1480 360 1617 404 utpote

40 423 180 458 natum
224 433 271 458 ex
319 417 366 458 iis
411 432 513 473 quae
557 417 740 473 proxime
780 417 1026 473 praecedunt
1068 419 1140 460 sed
1183 437 1259 461 non
1305 421 1412 461 milei.
1486 420 1616 462 Cuius

40 488 337 531 emendationis
368 505 448 545 quo
478 497 672 544 augeatur
701 489 814 543 fides,
849 489 938 531 vide
969 490 1024 531 sis
1057 491 1180 532 totius
1201 491 1393 532 orationis
1415 499 1616 535 tenorem:

39 562 65 612 ξ
94 562 119 602 4
151 562 278 603 Latro
302 563 483 619 striatam
501 562 612 617 secie
643 563 924 617 qaaestionem,
968 561 991 614 ξ
1021 564 1047 604 5
1077 564 1245 606 alteram
1261 565 1388 619 ficit,
1434 563 1457 617 ξ
1488 565 1513 607 6
1542 574 1616 606 ter-

39 636 137 676 tiam
153 635 276 691 fecit.

174 716 348 760 Contr.
379 718 410 759 I.
444 718 521 768 7‚3.
555 732 591 773 p.
628 717 762 769 l2l,l:
793 720 926 770 Quare
956 736 1035 761 non
1065 720 1156 761 alo?
1183 722 1279 776 qnia
1306 721 1617 778 casttnmfiliam

39 800 149 833 enum
179 813 233 819 —
263 800 366 831 certe
388 807 538 847 parum
571 801 627 831 est
655 792 697 832 si
722 790 867 833 dz'oeero
896 808 973 832 non
1012 791 1227 834 redemisti.
1302 791 1459 834 Omnes
1503 792 1617 834 codd.

42 862 107 905 hic
134 861 327 905 exhibent
357 861 599 917 scripturam
629 862 866 904 mendosam
897 880 1014 920 agere
1051 881 1216 921 parum.
1290 864 1368 906 Per
1410 864 1619 920 complura

39 934 198 977 saecula
226 934 436 987 legebatur
455 949 504 976 ex
524 935 752 977 coniectura
773 935 1014 991 speciosiore
1039 950 1162 990 quam
1186 936 1340 978 veriore
1360 954 1431 995 aye.
1446 952 1616 995 parum:

36 1012 144 1049 recte
173 1006 281 1048 enim
312 1021 440 1063 nuper
470 1007 731 1048 observatum
761 1013 822 1048 est
851 1022 933 1048 non
965 1007 1023 1048 uti
1053 1007 1123 1048 illa
1151 1007 1283 1049 forma
1310 1005 1507 1050 Senecam
1537 1009 1617 1050 nisi

38 1079 107 1122 ubi
137 1078 308 1120 infertur
337 1078 610 1132 interrogatio.
685 1078 824 1130 Quare
853 1079 1133 1134 Kiesslingius
1170 1079 1296 1121 edidit
1326 1090 1429 1122 certe
1454 1099 1616 1138 param,

38 1151 108 1208 qui
141 1158 276 1193 tamen
307 1151 349 1192 in
380 1151 503 1208 praef.
536 1167 574 1208 p.
605 1150 715 1193 XIII
751 1152 837 1208 ipse
873 1152 950 1193 sibi
980 1152 1142 1194 diffisus
1173 1153 1314 1194 scribit
1343 1153 1463 1194 haec:
1509 1152 1616 1204 „for-

38 1230 146 1266 tasse
174 1231 373 1281 praestat:
404 1234 446 1265 at
476 1233 761 1281 cerceaeparum
791 1223 888 1266 est“.
944 1223 1051 1266 Mihi
1089 1230 1279 1266 neutrum
1324 1225 1475 1281 placet:
1520 1232 1617 1281 puto

37 1295 204 1338 omnino
233 1295 451 1338 delendum
480 1311 568 1338 esse
599 1313 732 1354 ayere,
769 1297 920 1353 quippe
955 1296 1064 1351 quod
1100 1304 1242 1338 natum
1273 1298 1325 1339 sit
1354 1313 1403 1339 ex
1433 1313 1479 1340 eo
1509 1297 1617 1352 quod

37 1374 132 1424 post
176 1367 388 1409 redemisti
427 1368 610 1422 sequitur
653 1368 851 1410 vocabulo
896 1370 1016 1412 alere.
1087 1368 1253 1411 Etenim
1297 1369 1404 1411 haud
1442 1370 1498 1411 ita
1526 1384 1616 1411 raro

37 1439 188 1482 factum
231 1446 305 1491 est,
351 1446 396 1480 ut
438 1439 481 1480 in
526 1440 626 1496 ipsis
670 1440 870 1482 eiusmodi
915 1440 1223 1496 repetitionibus
1269 1442 1437 1498 insuper
1485 1441 1616 1484 levius

37 1511 337 1555 committerent
374 1511 542 1554 librarii.
616 1510 685 1555 Sic
729 1529 766 1569 p.
812 1513 956 1567 176,11
1005 1512 1283 1568 Kiesslingius
1327 1520 1432 1556 recte
1469 1513 1618 1556 delevit

23 1586 119 1642 fuit
153 1593 288 1627 ortum
323 1599 373 1626 ex
411 1585 595 1639 sequenti
623 1587 758 1642 feeae‘t3
794 1601 831 1642 p.
873 1586 1020 1637 120,24
1055 1585 1180 1628 altero
1210 1585 1298 1628 loco
1337 1604 1456 1629 unam
1490 1586 1616 1629 altero

39 1659 121 1699 iam
163 1664 374 1699 exaratum
417 1664 479 1698 est
523 1658 564 1698 in
609 1658 800 1700 omnibus
845 1658 984 1710 codd.;
1022 1674 1060 1714 p.
1096 1659 1244 1710 113,17
1273 1658 1400 1700 altera
1429 1658 1615 1700 vocabuli

33 1731 186 1787 pannis
215 1729 374 1785 syllaba
402 1737 615 1785 praecepta
644 1730 841 1786 scriptum
871 1737 933 1772 est
975 1732 1077 1783 m'sz'3
1121 1730 1244 1772 etiam
1273 1731 1446 1772 maiores
1476 1731 1616 1773 turbas

36 1800 162 1843 habes
191 1817 228 1857 p.
259 1801 395 1854 344,9.
452 1802 522 1844 Ad
553 1803 837 1845 stabiliendam
880 1803 1074 1845 orationis
1119 1803 1293 1845 formam
1323 1804 1496 1846 conferri
1526 1810 1615 1860 pot-

37 1880 99 1915 est
127 1888 164 1929 p.
197 1874 347 1928 lOl‚15
376 1875 601 1932 Conceptus
630 1885 688 1918 est
719 1879 789 1918 iste
818 1900 868 1904 >--
902 1893 951 1917 ezr
981 1893 1057 1932 quo
1087 1878 1258 1918 sciemus
1287 1893 1376 1919 cum
1411 1877 1617 1920 adulteros

37 1945 346 2003 deprehendero.

168 2029 338 2073 Contr.
384 2030 440 2072 II.
490 2032 621 2085 12‚12.
667 2047 704 2087 p.
748 2032 988 2076 200—2011
1035 2034 1154 2075 Hane
1184 2035 1498 2075 controversiam
1528 2052 1617 2076 cum

36 2101 280 2145 declamaret
307 2103 518 2145 Maximus
562 2104 671 2146 dia-it
715 2106 834 2160 quasi
875 2106 1061 2147 tricolum
1105 2105 1183 2146 tale
1228 2106 1369 2161 qualia
1395 2115 1488 2148 sunt
1517 2123 1618 2162 quae

37 2175 249 2216 basilicam
278 2176 486 2231 infectam.
545 2175 639 2217 Hoc
666 2175 754 2218 loco
775 2175 961 2231 equidem
982 2192 1063 2217 non
1087 2176 1296 2230 intellego,
1318 2177 1451 2232 qualis
1473 2192 1616 2219 sensus

37 2246 208 2301 qualeve
238 2261 409 2290 acumen
439 2248 538 2289 insit
567 2248 610 2289 in
640 2248 838 2290 vocabulo
869 2251 990 2305 quasi
1005 2264 1327 2305 persuasumque
1357 2249 1486 2291 habeo
1515 2249 1618 2291 illud

35 2333 87 2360 ex
115 2318 464 2361 antecedentibus:
497 2353 504 2360 .
537 2352 546 2361 .
578 2353 587 2362 .
620 2353 628 2362 .
673 2338 795 2363 unum
824 2330 978 2363 tantum
1007 2338 1048 2364 es
1075 2338 1154 2364 non
1185 2323 1314 2377 quasi,
1359 2339 1497 2380 vappa
1526 2337 1617 2377 per-

36 2406 176 2447 peram
205 2391 422 2447 repetitum
452 2406 552 2434 esse.
609 2391 665 2434 Et
694 2392 811 2435 video
840 2393 922 2435 iam
942 2393 1041 2435 olim
1068 2392 1286 2436 Schottum
1316 2394 1420 2447 (not.
1452 2410 1488 2450 p.
1520 2394 1618 2445 601)

39 2470 146 2506 recte
174 2463 284 2506 idem
315 2465 545 2518 sensisse.¹)
604 2462 686 2508 Sed
715 2472 778 2508 est
806 2465 916 2507 aliud
946 2466 1070 2508 etiam
1099 2466 1271 2521 dignum
1305 2466 1354 2508 de
1384 2481 1464 2522 quo
1494 2481 1617 2521 quae-

170 2599 194 2638 ¹)
217 2596 275 2633 Sic
300 2597 410 2632 etiam
435 2598 584 2633 Gontr.
608 2597 657 2632 H.
682 2599 769 2639 939.
794 2608 827 2642 p.
854 2600 961 2641 173‚5‚
986 2598 1045 2633 ubi
1075 2598 1174 2634 codd.
1197 2598 1333 2634 habent
1359 2603 1469 2634 totam
1493 2599 1620 2647 inquid

37 2651 118 2688 bene
151 2651 240 2688 dim
274 2655 558 2696 controversiam,
591 2653 655 2689 sed
686 2653 750 2690 hoc
770 2665 894 2700 genere
927 2666 997 2702 eqs.
1032 2654 1163 2689 dudum
1197 2654 1359 2689 intellexi
1383 2654 1618 2689 inducendum

37 2717 119 2742 esse
142 2708 278 2756 inquid,
301 2708 395 2752 quod
418 2719 461 2744 ex
484 2709 783 2753 praecedentibus
809 2709 857 2752 (v.
881 2710 917 2752 5)
942 2711 1009 2744 hnc
1032 2710 1188 2754 irrepsit.
1252 2710 1390 2745 Seneca
1420 2710 1450 2744 si
1479 2709 1618 2758 quidem

38 2763 257 2808 scripsisset,
291 2765 383 2808 quod
418 2765 606 2809 scripsisse
642 2775 722 2800 eum
756 2769 862 2809 putat
891 2766 1089 2801 Bursianus
1122 2767 1358 2810 probavitque
1383 2765 1618 2811 Kiesslfflgio,

39 2823 139 2854 certe
162 2823 245 2863 post
268 2819 350 2856 bene
373 2820 458 2856 illud
480 2820 672 2864 posuisset.
720 2821 826 2856 Modo
844 2821 960 2856 evolvi
983 2822 1249 2857 Gronovianam
1266 2822 1470 2857 editionem:
1496 2821 1617 2856 nescio

39 2885 85 2910 an
114 2875 347 2921 agnoscenda
381 2875 430 2911 sit
463 2877 557 2912 ratio
593 2880 631 2912 et
668 2877 845 2917 iudicium,
881 2880 981 2912 certe
1013 2877 1148 2912 nullum
1182 2878 1229 2912 ibi
1263 2878 1486 2921 importunae
1520 2877 1618 2912 vocis

36 2929 242 2976 vestigium.
