2025 3131
977 158 1253 200 „13-

321 277 464 320 darem
478 279 621 334 fllium
649 280 737 337 ipse
756 295 934 337 pecccare
963 282 1102 338 coepi)
1133 283 1192 323 ita
1220 283 1261 324 si
1287 297 1382 323 avos
1416 283 1565 324 viveret
1594 314 1603 324 .
1635 315 1643 323 .
1676 291 1755 325 tres
1784 284 1903 326 Zamu-

323 350 432 392 rz'osz’
443 350 704 406 jaz‘ssetsz)
761 350 845 393 Res
875 351 1000 405 igitur
1029 352 1130 394 haec
1149 358 1228 396 est:
1259 352 1521 395 defendentes
1543 368 1630 395 sese
1650 353 1747 395 facit
1767 354 1904 396 rhetor

318 420 456 463 filium
485 427 524 463 et
552 427 722 477 patrem,
755 422 960 480 simulque
1005 439 1125 465 suum
1168 425 1298 481 ipsius
1333 425 1556 481 interponit
1585 425 1802 468 iudicium:
1832 442 1902 468 ex-

318 499 434 534 cusat
461 494 606 547 filium,
638 500 795 551 patrem
825 495 978 538 irridet.
1009 520 1064 525 —
1093 497 1387 552 Antiquiorum
1418 498 1652 539 criticorum
1681 513 1820 551 curas,
1851 515 1903 541 ne

318 565 442 607 nimis
472 566 632 622 prolixa
661 567 704 608 in
734 567 822 609 loco
853 568 1011 624 prolixo
1040 569 1112 610 fiat
1141 569 1378 625 disputatio,
1409 584 1645 625 percensere
1675 571 1789 623 nolo;
1831 571 1901 613 sed

320 637 482 691 suadeo,
529 638 563 679 si
593 639 663 693 qui
693 639 848 681 discere
879 640 1019 692 velint,
1066 641 1203 695 qualia
1246 648 1432 697 portenta
1475 642 1572 684 olim
1607 643 1650 682 in
1690 642 1754 683 his
1786 642 1903 684 libris

316 715 508 752 concocta
537 711 633 765 sint,
664 716 710 751 ut
739 712 931 753 evolvant
959 712 1053 753 edit.
1085 711 1266 756 Gronov.
1299 729 1333 754 a.
1365 712 1677 758 MDCLXXII.
1711 730 1749 771 p.
1781 716 1875 758 212.

1048 1045 1174 1108 ΙΙΙ.

448 1222 722 1264 Transeamus
770 1237 892 1275 nunc,
942 1222 977 1263 si
1022 1222 1165 1278 placet,
1209 1222 1260 1264 ad
1304 1222 1558 1265 tractandam
1601 1223 1814 1265 materiam
1857 1229 1903 1265 ut

314 1294 445 1336 multo
475 1295 706 1337 uberiorem
734 1295 792 1336 ita
821 1301 860 1337 et
889 1295 1120 1349 graviorem
1156 1302 1196 1337 et
1233 1295 1524 1348 difficiliorem,
1563 1295 1614 1337 ad
1651 1295 1900 1352 supplendos

317 1367 512 1409 orationis
544 1368 738 1410 defectus.
797 1367 963 1409 Etenim
986 1368 1020 1408 si
1051 1368 1142 1422 quis
1165 1368 1230 1410 vel
1260 1383 1409 1424 paucas
1430 1369 1753 1411 Annaeanorum
1774 1369 1900 1410 libro-

315 1455 408 1482 rum
437 1441 618 1497 pagellas
653 1441 973 1498 perlustraverit,
1018 1440 1239 1496 intelleget,
1284 1456 1407 1496 quam
1453 1456 1571 1497 saepe
1615 1441 1802 1483 homines
1847 1441 1899 1495 ei,

314 1527 338 1553 a
367 1512 517 1567 quibus
552 1513 671 1556 nobis
707 1529 818 1556 nunc
853 1514 987 1556 omnis
1023 1514 1188 1555 illorum
1226 1514 1426 1556 librorum
1457 1514 1653 1556 memoria
1682 1513 1902 1570 repetenda

314 1590 388 1638 est,
420 1585 629 1627 socordius
658 1601 827 1628 munere
857 1602 930 1628 suo
961 1586 1178 1641 fungentes
1208 1587 1265 1628 ita
1294 1586 1572 1643 peccaverint,
1614 1592 1659 1627 ut
1688 1585 1900 1638 nonnulla,

315 1671 419 1712 quae
447 1657 490 1698 in
520 1658 745 1715 exemplari
775 1674 847 1700 suo
877 1659 1104 1716 perscripta
1134 1665 1266 1712 erant⁷
1307 1659 1427 1715 plane
1461 1659 1710 1712 omitterent,
1740 1658 1901 1715 pellecti

315 1730 555 1786 plerumque
583 1730 804 1773 earundem
844 1731 1095 1774 similiumve
1131 1732 1359 1773 litterarum
1395 1732 1459 1774 vel
1496 1732 1747 1788 syllabarum
1785 1746 1900 1787 repe-

313 1802 468 1845 titione.
526 1804 667 1859 Atque
697 1819 989 1861 saepenumero
1020 1804 1186 1860 quidem
1211 1810 1511 1861 peropportune
1531 1803 1689 1857 accidit,
1721 1809 1767 1844 ut
1794 1809 1901 1846 certe

318 1891 401 1917 non
433 1891 574 1917 omnes
604 1876 760 1918 librarii
790 1876 1101 1918 dormitaverint
1130 1877 1371 1932 possintque
1391 1877 1471 1918 alia
1499 1892 1549 1919 ex
1569 1876 1661 1918 aliis
1691 1875 1901 1918 codicibus

317 1948 551 2004 reciperari:
584 1963 702 2005 saepe
732 1963 836 2004 quae
872 1949 916 1990 in
947 1949 1082 1992 codice
1119 1950 1161 1991 A
1191 1949 1343 1991 omissa
1379 1955 1475 1990 sunt
1510 1948 1741 2005 suppeditat
1776 1947 1902 1990 codex

315 2019 364 2074 B,
408 2021 597 2075 geminus
628 2021 715 2063 eius
746 2021 890 2074 fratem
936 2036 1056 2078 saepe
1085 2021 1153 2064 hic
1182 2037 1230 2063 ex
1260 2021 1331 2063 illo
1362 2021 1543 2078 suppleri
1574 2026 1728 2078 potest3
1767 2020 1901 2062 rarius

314 2093 374 2147 fit,
405 2099 451 2134 ut
481 2094 599 2149 plura
628 2095 819 2150 praebeat
855 2094 1015 2137 duobus
1052 2095 1135 2136 illis
1171 2094 1299 2136 codex
1335 2094 1368 2136 T
1401 2094 1499 2148 (vel
1528 2093 1609 2147 V);
1640 2098 1782 2136 contra
1810 2108 1902 2148 per-

318 2180 439 2222 saepe
468 2167 659 2209 omnibus
696 2167 948 2223 plenioribus
985 2167 1193 2209 codicibus
1232 2167 1482 2208 subveniunt
1516 2172 1724 2223 excerpta,
1761 2171 1902 2207 tenues

316 2238 410 2280 illae
439 2239 607 2281 alterius
637 2239 851 2282 cuiusdam
881 2239 1068 2283 codicum
1089 2239 1229 2296 stirpis
1260 2240 1468 2295 reliquiae.
1527 2239 1645 2281 Talia
1674 2243 1811 2280 autem
1839 2237 1901 2278 di-

316 2311 490 2365 ligenter
519 2312 766 2354 attendenda
796 2318 903 2365 sunt,
935 2318 991 2365 ut,
1023 2312 1122 2367 quid
1151 2312 1195 2353 in
1225 2328 1272 2354 eo
1300 2328 1447 2367 genere
1475 2312 1629 2354 factum
1651 2311 1704 2353 sit
1731 2310 1901 2365 fierique

317 2384 508 2439 potuerit,
550 2384 756 2427 discamus
793 2399 1142 2440 assequamurque
1172 2400 1359 2426 normam
1388 2384 1606 2440 quandam,
1647 2398 1727 2439 qua
1755 2382 1812 2424 ibi
1841 2382 1901 2423 uti

317 2456 536 2511 possimUS,
567 2456 638 2498 ubi
667 2457 719 2499 ab
749 2457 940 2499 omnibus
967 2457 1218 2499 membranis
1248 2457 1453 2499 destitutis
1486 2457 1613 2498 solius
1643 2454 1796 2509 ingenii
1826 2469 1902 2511 ope

316 2543 381 2569 res
410 2528 736 2570 administranda
765 2529 829 2571 sit.
888 2530 1020 2585 Atqui
1056 2530 1152 2572 licet
1186 2530 1364 2586 plurima
1399 2531 1481 2571 iam
1510 2529 1720 2584 ingeniose
1749 2536 1789 2571 et
1819 2529 1901 2570 sol·

316 2599 438 2642 lerter
467 2600 547 2642 viri
577 2601 686 2643 docti
715 2601 1044 2657 redintegrarint⁷
1076 2602 1256 2659 suppetit
1285 2602 1519 2644 etiamnunc
1558 2602 1664 2643 silva
1701 2601 1901 2643 eiusmodi

317 2672 512 2714 vitiorum
554 2674 872 2716 emendatricem
914 2690 1084 2716 manum
1127 2674 1458 2717 desiderantium.
1531 2673 1695 2726 Quibus
1740 2680 1785 2715 ut
1827 2689 1900 2729 pro

453 2784 477 2826 ¹)
501 2784 560 2818 Ad
583 2784 835 2819 illustrandam
860 2785 1138 2830 argumentandi
1162 2785 1342 2820 rationem
1368 2785 1611 2828 orationisque
1636 2783 1787 2818 formam
1811 2792 1901 2826 quae

316 2838 383 2872 hac
407 2839 698 2883 interpunctione
723 2842 910 2881 statuitur,
936 2851 979 2876 ex
1003 2841 1127 2876 multis
1152 2842 1213 2875 cfr.
1239 2842 1342 2876 haec:
1367 2851 1399 2884 p.
1421 2843 1503 2883 15,6.
1526 2851 1558 2884 p.
1581 2841 1689 2880 9423.
1713 2850 1744 2883 p.
1771 2840 1901 2881 10125.

316 2904 349 2938 p.
374 2898 505 2935 345‚18.
528 2907 561 2941 p.
586 2899 696 2939 4238.
717 2908 752 2941 p.
776 2900 885 2939 4403.
