2050 3324
896 184 950 223 45
1008 205 1057 211 -

126 310 595 351 252FPAmOYNTAI.
634 310 759 348 'FINI
787 307 1269 351 ΤΥΡΑΝΝΟΥΝΤΑΙς
1314 301 1456 356 Itaque
1487 300 1562 341 hoc
1591 298 1707 340 dicit:

131 379 165 420 si
197 379 300 419 ferro
331 387 367 419 et
401 378 482 430 igni
517 378 750 434 pinguntur,
780 376 984 431 quomodo
1017 382 1211 427 reguntur
1241 381 1279 414 vt
1308 371 1573 415 cosei-centur?
1604 371 1710 412 Ecce,

131 450 203 491 tibi
233 450 414 501 argutiae
448 465 538 490 vere
570 449 808 490 rhetoricae:
849 448 997 489 liabent
1027 447 1134 487 enini
1167 446 1346 487 rhetores
1377 445 1416 485 in
1448 443 1603 485 deliciis
1635 443 1711 483 hoc

131 521 440 575 argumentandi
484 536 626 573 genus,
672 529 726 572 ut,
766 535 888 574 quam
926 533 1114 574 perverse
1149 516 1303 571 aliquid
1344 515 1408 557 vel
1446 523 1616 571 ponatur
1648 514 1708 554 vol

131 594 213 641 fiat,
235 594 505 635 coniecturam
527 592 684 648 capiant
707 608 756 633 ex
780 606 819 632 re
841 590 1002 632 maiore.
1049 589 1239 644 Exempli
1261 588 1391 641 gratia
1411 588 1482 629 cfr.
1505 602 1543 643 p.
1560 586 1675 636 404‚1
1694 589 1702 625 l

133 669 205 721 qui
230 668 290 707 sle
321 667 564 713 enucleatur,
597 664 792 719 quomodo
824 664 1050 704 irascitur?

263 737 364 788 Iam,
411 746 453 777 ut
497 735 787 778 concludamus
831 733 1050 789 aliquando
1093 731 1475 773 commentationem
1515 738 1712 779 nostram,

135 810 323 851 ultimum
354 817 571 850 tractemus
604 809 736 850 locum
770 806 986 856 Graecum,
1018 805 1087 861 qui
1114 810 1247 846 exstat
1275 804 1315 844 in
1344 802 1563 844 eiusdem
1591 799 1713 843 Con-

134 881 418 923 troversiae
449 880 559 934 §2131
582 896 616 936 p
641 882 775 933 514‚1.
835 879 974 920 Refert
1003 876 1157 918 Seneca
1187 891 1279 917 cum
1315 874 1573 916 cavillatione
1605 887 1715 913 acer-

137 955 279 1009 bisque
309 954 464 995 facetiis
495 953 647 994 fatuam
679 952 882 1007 quandam
914 949 1113 1006 Glyconis
1143 947 1333 991 Graeculi
1366 946 1621 988 sententiam.
1676 944 1715 985 Is

134 1027 243 1069 enim
273 1025 317 1078 (ξ
348 1026 422 1078 27)
452 1027 578 1067 voluit
607 1025 740 1067 rideri
768 1025 963 1066 volturios
990 1023 1046 1064 ad
1071 1022 1246 1063 tabulam
1274 1020 1479 1062 Parrhasi
1511 1018 1717 1071 advolare,

135 1098 327 1140 fabellam
359 1098 613 1138 notissimam
645 1097 778 1152 inepte
810 1097 849 1136 in
883 1111 978 1136 suos
1010 1109 1108 1135 usus
1138 1100 1394 1135 convertens.
1455 1089 1563 1133 Sunt
1582 1096 1717 1131 autem

141 1169 319 1213 Senecae
351 1171 486 1218 verba,
526 1177 567 1210 ut
602 1169 710 1225 apud
741 1168 1043 1221 Kiesslingium
1078 1166 1282 1218 leguntur,
1329 1163 1444 1206 haee:
1494 1162 1719 1220 Spyridion

136 1260 257 1299 (teque
275 1243 557 1298 familiariter
579 1245 617 1283 in
639 1242 828 1298 templzwz
847 1242 1042 1281 volem-ios
1061 1240 1197 1280 subire
1213 1239 1374 1295 putavit
1396 1252 1515 1290 quam
1530 1251 1720 1292 passeres

137 1324 205 1357 unt
243 1316 463 1367 columbus,-
513 1315 677 1356 darei-at
714 1315 838 1355 em'm:
883 1310 1130 1368 σαρκοφάγα
1160 1311 1236 1352 σοῖν
1264 1307 1329 1364 γ’ἇ]
1366 1305 1505 1364 γραφὴ
1550 1309 1718 1349 ΝΛΓΛ

137 1387 235 1436 ζῶα.
295 1387 435 1441 Atque
470 1393 585 1427 caute
622 1385 787 1440 quidem
824 1384 919 1426 fecit
961 1383 1040 1434 ille,
1086 1382 1194 1437 quod
1240 1386 1470 1423 monstrum
1515 1377 1633 1433 quale
1678 1378 1719 1418 in

137 1458 251 1501 codd.
317 1458 488 1500 habetur
550 1458 753 1512 integrum
817 1462 1119 1513 repraesentare
1179 1469 1303 1509 quam
1363 1451 1499 1506 aliquo
1549 1465 1599 1492 ex
1649 1449 1721 1500 eis,

138 1545 240 1585 quae
283 1530 334 1571 ad
377 1545 547 1571 manum
597 1529 631 1571 ei
676 1535 803 1579 erant,
853 1527 1095 1570 commentis
1140 1526 1195 1566 uti
1242 1524 1387 1566 maluit
1457 1523 1566 1565 Nam
1614 1521 1719 1577 quod

139 1603 369 1645 Bursianus
400 1601 499 1643 olim
534 1602 576 1642 in
615 1608 726 1642 textu
758 1601 893 1657 posuit
928 1598 1036 1641 κατὰ
1071 1612 1330 1653 nequaquam
1368 1595 1601 1637 satisfacere
1638 1594 1724 1649 ipse

141 1675 320 1716 sensisse
351 1674 523 1726 videtur,
555 1674 705 1730 quippe
736 1673 805 1728 qui
841 1673 884 1713 in
914 1671 1174 1713 adnotatione
1210 1670 1311 1711 haec
1346 1667 1566 1710 addiderit:
1618 1665 1721 1718 ,foi-t.

140 1756 274 1789 tamen
320 1761 396 1788 scr.
435 1754 496 1787 est
534 1747 672 1798 παγᾷ,
718 1755 762 1786 ut
812 1744 934 1786 fuerit
970 1744 1142 1785 verbum
1176 1756 1367 1796 graecum
1403 1741 1551 1792 παγᾶν
1588 1739 1640 1781 ab
1677 1753 1723 1779 eo

141 1819 252 1874 quod
284 1824 345 1860 est-
374 1817 491 1872 πάγη
521 1817 740 1859 formatum
776 1816 884 1857 idem
915 1815 1150 1869 significans
1186 1813 1294 1868 quod
1323 1809 1569 1865 παγιδεὺειν
1598 1811 1649 1852 ab
1678 1825 1725 1851 eo

141 1891 250 1946 quod
278 1899 339 1932 est
367 1890 523 1942 narig‘.
583 1891 644 1931 At
679 1904 776 1930 vero
807 1888 906 1930 haec
941 1903 1036 1928 cum
1067 1887 1271 1938 scriberet,
1307 1885 1356 1926 de
1385 1884 1497 1926 fumo
1527 1883 1578 1925 ad
1606 1883 1724 1924 flam-

147 1978 270 2014 mam,
303 1971 347 2003 ut
376 1962 503 2013 aiunt,
536 1962 599 2003 vir
629 1961 816 2015 egregius
846 1959 1066 2001 tetendisse
1096 1958 1276 2010 videtur3
1307 1982 1361 1986 —
1391 1957 1482 2012 quis
1513 1957 1622 1998 enim
1651 1955 1728 1997 erit

144 2035 214 2090 qui
244 2034 348 2076 illud
368 2036 539 2077 verbum
569 2036 718 2087 παγᾶν
747 2034 783 2075 ei
804 2039 1012 2089 acceptum
1035 2032 1210 2073 referat?
1249 2031 1343 2088 Ipse
1363 2039 1499 2072 autem
1519 2029 1725 2070 Kiesslin-

147 2108 239 2162 gius
288 2108 454 2149 invento
505 2123 600 2157 suo,
657 2106 766 2162 quod
813 2106 1048 2147 dubitanter
1102 2105 1143 2146 in
1192 2104 1454 2146 adnotatione
1502 2101 1726 2158 proposuit,

145 2178 409 2233 ‚nayadw'osa
441 2181 572 2232 Nolo‘,
606 2180 692 2220 iure
729 2194 811 2220 non
841 2178 1018 2219 multum
1048 2177 1241 2219 tribuisse
1272 2176 1455 2218 videtur:
1488 2174 1610 2216 nimis
1641 2173 1728 2214 vio-

145 2252 275 2294 lenter
304 2258 514 2293 mutantur
543 2266 649 2306 quae
678 2250 826 2291 tradita
857 2256 952 2291 sunt
982 2249 1219 2304 tolliturque
1249 2247 1352 2289 illud
1381 2247 1464 2299 sed,
1501 2261 1595 2302 quo,
1626 2260 1726 2302 quo-

145 2325 256 2366 niam
287 2340 403 2365 suam
434 2324 518 2365 vim
549 2324 682 2375 habet,
713 2337 832 2378 aegre
862 2336 1059 2364 caremus,
1118 2320 1325 2376 Equidem
1354 2320 1436 2362 fere
1458 2317 1729 2375 praestiterim

147 2396 409 2438 scribendum
454 2411 564 2438 esse:
611 2393 860 2452 σαρκοφάγα
904 2395 980 2436 σοῦ
1022 2391 1088 2448 γ’ἇ]
1129 2391 1269 2450 γραφὴ
1303 2396 1586 2435 ΑΠΛΤΑΙ
1630 2390 1728 2439 ζῶα.

147 2466 271 2520 Quod
316 2483 440 2524 quam
485 2470 587 2511 bene
629 2483 722 2510 cum
766 2467 939 2508 rhetoris
983 2466 1094 2507 illius
1139 2465 1310 2508 consilio
1345 2464 1561 2507 conveniat
1604 2468 1730 2519 patet:

147 2541 238 2582 vult
281 2548 457 2584 atrocem
500 2541 614 2582 illam
659 2540 882 2594 imaginem
925 2546 1009 2580 tam
1053 2544 1239 2580 accurate
1282 2537 1495 2579 veritatem
1531 2535 1731 2577 imitatam

147 2628 250 2664 esse,
295 2621 340 2655 ut
384 2614 447 2655 vel
484 2628 580 2655 aves
618 2627 784 2669 rapaces
823 2611 1104 2668 deciperentur
1147 2618 1187 2652 et
1225 2618 1431 2665 tamquam
1460 2608 1512 2650 ad
1542 2606 1732 2667 praedam

147 2684 396 2727 advolarent.
