2050 3324
770 200 1014 239 -7—

100 315 194 357 Joh.
228 316 492 372 Schultingii,
529 319 698 360 aliorum
730 343 781 348 —
813 321 1115 364 observationes
1153 338 1201 364 cx
1233 325 1310 366 situ
1343 333 1381 366 et
1412 328 1602 377 tenebris,
1635 329 1672 368 in

99 387 248 442 quibus
279 389 359 432 sere
390 390 690 443 delitescebant,
737 392 778 433 in
810 392 939 434 lucem
987 396 1196 448 protraxit,
1240 404 1374 452 utpote
1419 399 1456 438 in
1503 414 1673 453 quorum

99 462 400 503 commentariis
445 470 485 504 et
533 463 641 505 notis
684 463 846 504 diffusis
890 464 994 505 inter
1042 466 1185 507 vitiosa
1233 475 1354 523 atque
1398 470 1497 511 adeo
1542 471 1675 526 inepta

99 532 229 575 multa
259 533 494 576 innumerae
543 534 705 586 lateant,
738 542 781 575 ut
824 535 881 576 ita
910 534 1053 587 dicam,
1099 539 1185 579 auri
1216 540 1355 587 micae,
1401 542 1549 596 quibus
1581 559 1674 599 pru-

99 603 241 646 denter
270 606 326 646 uti
356 613 395 647 et
415 606 470 648 rei
494 607 621 663 ipsius
652 621 774 649 causa
795 606 990 649 debemus
1012 616 1051 650 et
1075 618 1117 650 ut
1146 625 1244 651 suus
1275 613 1420 667 cuique
1454 613 1582 654 honos
1605 617 1675 657 tri-

99 675 298 730 buatur.¹)
329 677 615 720 Recentiorum
645 687 782 721 autem
812 679 1044 722 criticorum
1067 690 1294 724 commenta
1316 694 1474 738 praesto
1495 686 1528 726 ei
1562 698 1675 729 orant

97 756 138 790 et
165 764 333 791 numero
362 757 401 791 et
430 751 631 804 gravitate
660 750 881 793 admodum
910 753 1140 809 conspicua,
1174 762 1329 809 praeter
1361 770 1407 796 ea
1435 772 1537 810 quac
1565 757 1599 799 F
1603 759 1674 800 rid.

100 819 321 874 Haasius2)
352 821 569 876 reliquerat
613 830 652 864 et
681 823 873 865 Bursiani
916 839 1033 866 curas·
1079 825 1277 867 secundas
1335 827 1534 883 imprimis
1579 830 1674 871 Joh.

98 891 288 944 Vahleni,
334 892 390 934 H.
437 893 476 935 J.
521 893 724 946 Muelleri,
770 893 817 937 C.
862 895 909 937 F.
959 895 1023 937 W.
1068 896 1271 949 Muelleri,
1316 899 1463 953 quibus
1511 901 1674 943 ultimus

98 979 190 1006 sese
221 974 461 1020 aggregarat
490 965 686 1008 Nicolaus
729 966 968 1021 Madvigius
1012 967 1033 1010 ὁ
1067 967 1200 1019 πάνυ,
1243 970 1358 1011 cuius
1395 972 1587 1014 eximium
1618 973 1674 1015 in·

95 1036 260 1090 genium
291 1036 357 1079 hic
385 1051 545 1092 quoque
575 1053 862 1094 saepenumero
905 1039 1166 1083 admiramur.
1240 1041 1394 1083 Verum
1433 1044 1554 1084 etiam
1585 1048 1675 1100 post

96 1114 155 1150 tot
185 1116 472 1164 tantorumque
505 1110 682 1151 virorum
722 1126 834 1153 acres
865 1111 1025 1154 labores
1055 1113 1095 1153 in
1129 1111 1305 1155 Senecae
1336 1113 1529 1156 Rhetoris
1560 1116 1674 1158 libris

62 1181 295 1237 .permulta
337 1196 437 1234 esse,
482 1181 532 1223 de
575 1182 722 1237 quibus
768 1183 920 1225 utiliter
964 1199 1038 1226 nec
1081 1185 1168 1227 sine
1212 1201 1282 1241 spe
1327 1186 1455 1228 felicis
1500 1196 1670 1230 eventus

93 1253 223 1310 possit
265 1253 481 1310 disputari,
525 1268 765 1310 persuasum
810 1254 939 1297 habeo
983 1257 1239 1312 conaborque
1285 1257 1358 1299 hoc
1402 1259 1674 1315 qualicunque

93 1325 243 1378 libello,
288 1326 361 1381 qui
388 1326 561 1368 tirocinii
594 1334 631 1368 et
670 1327 904 1383 speciminis
935 1328 1065 1369 instar
1094 1329 1218 1371 velim
1248 1329 1456 1381 habeatur,
1502 1331 1551 1371 ad
1583 1347 1672 1387 per-

91 1398 301 1454 poliendos
331 1398 424 1440 illos
454 1399 801 1455 illustrandosque
830 1400 984 1455 aliquid
1005 1401 1198 1443 conferre.
1271 1402 1489 1443 Instituam
1535 1410 1670 1445 antem

91 1486 177 1513 rem
208 1471 275 1522 ita,
307 1478 351 1512 ut
380 1471 648 1528 multiplicem
679 1472 911 1524 materiam,
943 1480 1141 1527 quantum
1171 1474 1257 1515 fieri
1287 1475 1445 1530 poterit,
1492 1474 1672 1529 digeram

90 1544 416 1598 coniungamque
461 1544 574 1600 paria
618 1543 819 1586 similiave
854 1559 957 1599 quac
989 1545 1148 1601 saepius
1180 1545 1355 1588 invicem
1385 1561 1472 1588 sese
1502 1546 1672 1589 fulciant

89 1617 386 1672 coniunctaque
415 1616 536 1658 citius
565 1615 687 1658 fidem
719 1616 795 1658 sibi
826 1616 991 1659 faciant.
1051 1618 1100 1658 In
1141 1619 1486 1671 argumentando,
1526 1635 1576 1661 ne
1615 1620 1671 1661 le-

91 1699 249 1731 ctorum
272 1689 468 1746 patientia
483 1689 638 1741 abutar,
661 1703 785 1744 quam
807 1689 1076 1731 brevissimus
1097 1705 1185 1732 esse
1216 1690 1402 1743 studebo,
1424 1706 1504 1733 non
1535 1698 1669 1733 tamen

88 1761 191 1803 mihi
221 1761 431 1813 interdico,
480 1769 524 1802 ut
553 1776 616 1815 ne,
662 1761 696 1802 si
726 1776 790 1803 res
820 1761 876 1802 ita
900 1761 1016 1813 ferat,
1046 1762 1248 1804 incidente
1268 1762 1404 1817 aliqua
1434 1764 1669 1819 quaestione

87 1833 295 1890 ampliore,
326 1833 465 1890 paullo
495 1834 656 1889 longius
687 1833 935 1888 liberiusque
965 1849 1190 1876 excurram.

85 1954 206 1990 verbis
231 1956 278 1999 (p.
302 1956 417 1994 5:20AE
440 1956 545 1990 etiam
568 1960 677 1990 morte
693 1957 797 2002 patri
820 1957 992 2003 quaesivit
1021 1955 1191 1991 invidiam
1225 1957 1278 1991 ita
1313 1966 1398 1991 usus
1423 1955 1667 2001 Kiesslingius

85 2016 153 2054 est,
186 2015 229 2045 ut
263 2009 435 2045 scriberet
469 2021 545 2046 cum
592 2010 680 2045 dixit
710 2009 832 2055 (etiam
871 2015 980 2046 morte
1010 2012 1113 2057 patri
1142 2010 1312 2046 invidiam
1337 2011 1528 2059 quaesisse)
1565 2009 1667 2057 [sed]

86 2078 156 2102 non
173 2071 322 2114 propter
338 2071 481 2112 patrem
504 2065 602 2100 illam
618 2067 765 2112 perisse.
812 2065 997 2100 Turbatur
1034 2065 1128 2100 enim
1164 2066 1334 2101 orationis
1370 2066 1592 2101 continuatio
1616 2066 1667 2101 in-

87 2121 199 2157 textis
223 2121 294 2156 illis
318 2121 437 2156 verbis
461 2121 503 2155 ab
526 2121 593 2156 hoc
616 2120 693 2155 loco
718 2121 822 2165 plane
846 2121 987 2163 alienis,
1017 2131 1107 2164 quae
1137 2121 1202 2156 tali
1225 2122 1348 2166 potius
1380 2122 1583 2157 sententiae
1612 2132 1667 2156 ac-

88 2178 311 2212 commodata
335 2181 432 2212 sunt:
459 2177 549 2216 ,odit
571 2180 724 2220 patrem:
763 2177 873 2211 etiam
909 2181 1021 2211 morte
1057 2177 1227 2212 invidiam
1251 2177 1284 2212 ei
1308 2178 1506 2221 quaesivit:
1552 2177 1666 2212 Immo

86 2233 280 2268 tenendum
312 2245 398 2269 cum
438 2233 621 2269 dixisset
662 2233 993 2276 concedendumque
1028 2233 1066 2267 in
1104 2233 1283 2276 excerptis
1323 2238 1467 2268 exstare
1506 2233 1664 2278 vestigia

85 2288 234 2324 alicuius
259 2288 397 2332 coloris,
421 2289 480 2333 qui
502 2289 537 2323 in
559 2288 778 2333 plenioribus
803 2289 897 2324 codd.
925 2288 1066 2324 omnino
1091 2289 1323 2324 interciderit.

220 2357 247 2400 ¹)
272 2356 377 2390 Licet
392 2355 653 2401 Kiesslingium
671 2355 880 2400 plerumque
898 2355 1155 2400 circumspecte
1172 2365 1248 2390 rem
1265 2356 1384 2401 egisse
1408 2355 1561 2390 libenter
1585 2366 1664 2390 con-

84 2412 215 2451 cedam,
241 2416 362 2446 tamen
385 2411 558 2446 nonnulla
579 2411 636 2446 ille
659 2411 905 2455 praetermisit
927 2411 1108 2446 mentione
1133 2411 1355 2457 dignissima.
1403 2411 1473 2446 Sed
1497 2411 1664 2455 quoniam

83 2478 164 2503 mea
185 2468 336 2503 maxime
363 2477 524 2511 novaque
536 2467 697 2512 proferre
717 2468 754 2502 in
774 2467 891 2503 animo
905 2467 990 2502 mihi
1004 2472 1070 2507 est,
1094 2468 1185 2502 hanc
1208 2478 1284 2503 rem
1308 2468 1430 2503 dedita
1454 2477 1563 2511 opera
1585 2477 1663 2511 per-

84 2523 184 2567 sequi
206 2523 304 2558 nolo:
329 2533 399 2558 uno
424 2533 518 2558 nunc
541 2523 701 2567 exemplo
727 2528 919 2559 contentus
939 2534 1011 2559 ero.
1047 2523 1103 2559 Co
1116 2528 1196 2559 ntr.
1219 2523 1250 2558 I.
1273 2523 1407 2568 praef.
1433 2525 1484 2562 22.
1509 2534 1540 2566 p.
1565 2525 1663 2561 6613

83 2579 181 2614 codd.
206 2579 387 2614 exhibent:
425 2591 502 2615 cum
535 2590 596 2615 vos
631 2581 817 2615 sententias
851 2579 977 2616 audire
1006 2579 1117 2615 velitis
1152 2585 1184 2615 et
1218 2579 1394 2628 quidquid
1419 2578 1464 2614 ab
1497 2578 1568 2613 illis
1602 2577 1662 2613 ab·

83 2634 228 2678 duxero,
249 2634 427 2670 molestum
445 2635 607 2678 futurum
629 2636 684 2670 sit.
729 2634 862 2670 Kiessl.
880 2635 997 2670 deleto
1021 2634 1066 2670 ab
1083 2635 1229 2679 scripsit
1244 2635 1464 2674 adstruxero,
1483 2654 1515 2658 -—
1537 2643 1660 2668 verum

83 2693 141 2725 est
164 2691 240 2726 sine
263 2690 366 2726 dubio
392 2690 643 2732 abduxerit,
666 2691 757 2734 quod
784 2701 862 2726 cum
897 2701 964 2736 ego
1000 2691 1082 2726 olim
1117 2691 1360 2733 coniecissem,
1394 2699 1508 2733 nuper
1530 2689 1601 2723 vidi
1624 2689 1659 2723 in

81 2746 192 2782 Gron.
215 2746 270 2781 ed.
294 2757 326 2782 a.
349 2745 600 2781 MDCLXXH
624 2749 781 2780 exstare.
829 2746 996 2781 Ceterum
1021 2745 1110 2781 talia
1132 2746 1228 2781 infra
1250 2739 1527 2781 confirmationis
1551 2754 1660 2779 causa

80 2801 296 2846 aliquotiens
319 2802 356 2837 in
379 2807 591 2837 transcursu
614 2801 758 2837 notabo.

212 2868 238 2912 2)
261 2867 362 2903 Idem
386 2868 546 2903 Haasius
570 2872 607 2903 et
630 2867 717 2904 Otto
742 2867 893 2904 Jahnius
918 2867 1186 2903 emendationes
1210 2867 1342 2903 multas
1366 2868 1437 2902 iam
1463 2877 1541 2902 cum
1566 2867 1654 2901 Bur-

80 2923 181 2959 siano
205 2925 519 2960 communicarant.
