2025 3131
918 71 1189 113 ,50-

371 528 947 574 8ΕΝΤΕΝΤΙΑΕ
1012 526 1743 570 CONTROVERSAE.

1042 720 1073 761 I.

401 828 450 869 L.
482 827 683 868 Annaei
716 826 933 868 Senecae
964 826 1289 867 Naturalium
1320 823 1688 876 Quaestionum
1719 823 1845 865 codex

273 899 600 954 Bambergensis⁷
632 899 700 952 qui
731 898 854 952 vulgo
886 898 1035 939 saeculi
1064 897 1127 938 XI
1159 911 1247 938 esse
1277 897 1523 952 perhibetur,
1554 912 1636 938 non
1671 886 1845 951 scriptus

274 979 335 1013 est
364 979 457 1013 ante
486 971 747 1027 posteriorem
780 971 928 1012 saeculi
958 969 1068 1010 XIII
1097 977 1265 1026 partem.

1033 1135 1088 1177 ΙΙ.

405 1243 469 1284 De
491 1241 728 1283 ordinandis
754 1241 972 1282 earundem
992 1241 1315 1281 Naturalium
1337 1238 1619 1296 Quaestion
1636 1253 1711 1278 um
1731 1237 1848 1278 libris

275 1330 324 1356 ne
354 1314 644 1356 recentissimis
674 1313 838 1367 quidem
869 1313 1277 1355 commentationibus
1304 1318 1409 1353 recte
1439 1311 1541 1352 mihi
1575 1310 1733 1351 videtur
1766 1316 1848 1349 sta-

275 1394 421 1427 tutum.
480 1386 683 1441 Equidem
727 1392 824 1440 puto
867 1385 1120 1426 noviciorum
1165 1383 1348 1425 codicum
1395 1389 1627 1423 nostrorum
1666 1381 1770 1421 inter
1807 1395 1849 1421 se

276 1459 594 1515 discrepantium
624 1459 700 1500 hac
722 1459 765 1499 in
786 1473 829 1499 re
849 1457 1132 1498 auctoritatem
1152 1471 1240 1497 esse
1262 1456 1380 1511 plane
1402 1455 1570 1505 nullam,
1601 1468 1727 1508 eaque
1748 1467 1852 1507 quae

277 1536 452 1572 aetatem
498 1531 678 1572 tulerunt
721 1530 852 1571 frusta
896 1529 952 1570 sic
996 1528 1287 1570 ordinaverim:
1347 1527 1557 1580 Prologus.
1597 1526 1652 1567 Il.
1694 1524 1785 1566 VII.
1816 1524 1849 1565 I.

275 1603 365 1644 IVb-
412 1603 462 1644 V.
495 1602 568 1644 VI.
600 1602 676 1643 III.
708 1601 795 1643 IVa·

1025 1728 1099 1769 ΙΙΙ.

410 1833 515 1877 Sen.
552 1835 607 1876 de
644 1833 796 1876 Clem.
847 1834 875 1874 1.
907 1836 972 1886 3‚1
1019 1834 1076 1874 sic
1113 1833 1292 1888 scripsit:
1348 1834 1465 1876 Num:
1508 1834 1547 1873 2712
1595 1840 1673 1872 tres
1708 1838 1854 1887 partes

279 1924 430 1950 onmem
459 1909 562 1950 ham·
590 1908 803 1948 ‘materiam
833 1906 1028 1947 dividam.
1088 1906 1231 1946 Prima
1261 1907 1335 1946 erit
1369 1907 1414 1945 ἰν)
1447 1906 1600 1945 animi
1627 1902 1858 1954 (remossz'

279 1982 442 2030 lonis,
475 1996 553 2035 eqs.
613 1978 736 2029 (Cod.
768 1984 811 2020 N
836 1984 1024 2033 corrupte
1053 1976 1415 2028 mammm'sse'onis.)

1030 2143 1103 2184 IV.

412 2250 462 2291 In
508 2250 679 2291 Plauti
726 2249 845 2291 Men.
876 2249 948 2290 IV.
980 2249 1077 2302 2‚4O
1107 2263 1172 2302 sq.
1202 2263 1284 2288 non
1316 2254 1422 2288 recte
1452 2254 1543 2302 post
1576 2245 1856 2299 Ladewigium

282 2322 533 2364 Ritschelius
580 2322 761 2362 versibus
806 2320 1070 2362 multifariam
1117 2319 1430 2375 transponendis
1475 2318 1692 2372 genuinam
1737 2316 1857 2357 huius

285 2408 452 2435 scaenae
487 2393 661 2434 formam
697 2393 920 2448 reciperare
956 2392 1130 2434 studuit:
1175 2406 1249 2444 ego
1284 2405 1460 2443 agnosco
1490 2397 1600 2432 certa
1636 2388 1858 2444 duplicis

282 2465 607 2507 recensionis
640 2464 810 2518 vestigia
839 2470 878 2505 et
907 2479 1095 2519 expungo
1126 2479 1194 2505 vv.
1224 2462 1400 2504 40-55.

1045 2590 1094 2631 V.

419 2695 528 2738 Liv.
576 2695 731 2736 XLIV.
782 2696 846 2747 6,8
896 2696 952 2736 ita
1003 2694 1289 2750 distinguenda
1342 2694 1490 2736 oratio:
1549 2710 1641 2734 nam
1690 2699 1861 2749 praeter

288 2770 509 2826 angustias,
539 2791 593 2795 —
619 2784 695 2824 per
727 2769 899 2823 quinque
928 2769 1058 2818 milia,
1091 2783 1169 2821 qua
1199 2768 1387 2823 eoequuum
1417 2767 1591 2806 iunaento
1621 2772 1759 2805 onusto
1786 2764 1862 2804 iter
