2025 3131
996 159 1268 198 -14-

473 278 614 322 Suas.
645 279 678 322 I.
713 281 774 322 16.
806 295 843 336 p.
878 281 969 327 11‚1
1003 280 1295 336 pervulgantur
1325 280 1446 323 haec:
1487 282 1557 322 Ex
1586 281 1758 323 Graecis
1788 281 1917 323 decla-

340 353 561 394 matoribus
590 353 699 394 nulli
723 353 864 394 melius
893 353 991 394 haec
1020 354 1210 394 suasoria
1234 354 1435 410 processit
1472 369 1592 408 quam
1621 352 1814 408 Glyconi5
1850 353 1923 394 sed

340 440 420 466 ‘non
449 426 582 466 mimis
610 425 736 466 multa
769 425 978 481 maynifice
1021 424 1131 466 diaeic
1175 441 1293 480 quam
1338 434 1537 481 ooo-rupte,
1571 450 1611 454 —
1650 438 1753 478 quae
1796 438 1922 480 prava

341 511 430 538 esse
460 496 752 537 sententiarum
782 511 939 538 conexu
959 496 1172 538 evincitur.
1231 495 1351 548 Quae
1386 496 1495 538 enim
1517 502 1609 552 post
1642 497 1715 538 sed
1743 509 1922 551 sequun-

342 576 408 609 tur
437 568 731 610 restrictionem
763 568 887 621 (bona
915 569 1032 610 venia
1061 576 1131 610 tua
1160 568 1376 620 dixeriml)
1407 568 1611 623 quandam
1644 567 1921 624 praecedentis

341 640 541 682 enuntiati
590 641 819 692 continent,
864 641 977 695 atqui
1026 641 1204 682 demitur
1247 640 1402 695 aliquid
1447 640 1495 682 de
1543 639 1662 682 laude
1711 639 1922 683 universa:

344 712 467 754 scribi
512 712 636 767 igitur
678 713 814 756 debet:
860 713 934 755 sed
974 729 1053 755 non
1088 714 1221 755 minus
1250 714 1376 755 mulla
1406 721 1637 770 corrupte
1667 712 1776 754 dixit
1805 729 1923 769 quam

342 802 380 826 m
390 802 449 842 ay
457 803 484 827 η
494 787 587 842 isio
596 801 627 827 e.

476 865 600 909 Suas
646 866 718 908 VI.
763 869 802 909 ὃ.
849 884 886 923 p.
931 867 1056 920 3620
1098 868 1142 909 in
1185 868 1321 910 verbis
1365 868 1488 910 Fusci
1517 868 1650 909 Arelli
1679 868 1924 923 alloquentis

344 938 585 981 Ciceronem
614 954 666 980 an
697 939 928 981 Antonium
957 939 1191 995 deprecetur
1234 940 1527 982 deliberantem
1570 940 1683 982 locus
1717 940 1926 982 invenitur

343 1011 459 1052 valde
488 1018 711 1065 contortus,
741 1011 793 1052 ad
821 1026 943 1066 quem
986 1012 1283 1068 expediendum
1326 1012 1555 1068 complures
1591 1012 1672 1054 iam
1710 1012 1788 1054 viri
1817 1012 1923 1054 docti

344 1099 431 1126 sese
460 1084 735 1135 accinxerunt,
767 1099 848 1126 non
878 1091 1026 1136 tamen,
1059 1092 1102 1126 ut
1131 1085 1311 1139 videtur,
1343 1101 1428 1127 rem
1458 1085 1739 1141 profligarunt.
1817 1082 1926 1127 Sunt

345 1155 570 1198 secundum
590 1155 893 1211 Kiesslingium
923 1158 1048 1199 verba
1078 1157 1196 1201 haec:
1234 1159 1328 1200 Non
1357 1168 1392 1200 te
1412 1159 1601 1216 ignobilis
1631 1158 1808 1199 tumulus
1837 1157 1924 1198 abs-

344 1229 504 1282 condet5
546 1229 653 1271 idem
695 1231 858 1272 virtutis
902 1240 993 1272 tuae
1037 1232 1110 1287 qui
1137 1232 1241 1287 finis
1280 1239 1335 1272 est
1377 1232 1622 1272 mortalium.
1659 1232 1924 1272 humanorum

344 1318 510 1359 operum
539 1310 670 1344 custos
699 1304 927 1353 memorz'a1>
959 1335 967 1343 .
1000 1336 1009 1345 .
1043 1336 1051 1344 .
1082 1305 1125 1345 in
1155 1305 1291 1345 omm'a
1325 1312 1365 1347 te*
1388 1304 1551 1345 saecula
1579 1311 1784 1344 sacratum
1814 1301 1927 1343 dabit

344 1391 424 1430 eqs.
458 1399 508 1403 —
539 1375 789 1427 Mortalium,
819 1375 929 1430 quod
958 1375 1115 1431 primus
1145 1375 1315 1431 protulit
1344 1373 1593 1426 Gronovius,
1626 1399 1677 1403 —
1706 1374 1820 1416 codd.
1853 1373 1923 1414 ha-

343 1447 440 1488 bent
469 1448 771 1501 inmortalium,
805 1471 856 1475 —
886 1463 1024 1489 meum
1054 1463 1221 1489 sensum
1251 1449 1286 1489 si
1315 1448 1485 1490 consulo
1502 1482 1511 1500 ,
1542 1461 1709 1503 prorsus
1739 1446 1925 1502 ineptum

344 1526 424 1562 est:
456 1519 548 1574 quis
578 1520 701 1572 enim,
734 1520 769 1561 si
799 1521 864 1561 cui
893 1520 1175 1562 aeternitatem
1205 1521 1426 1576 promittat,
1472 1520 1550 1561 isto
1580 1518 1702 1561 modo
1737 1518 1927 1573 loquetur

344 1591 393 1633 de
423 1593 688 1635 mortalibus?
741 1590 865 1644 Quod
897 1590 1015 1634 Suas.
1048 1592 1145 1634 VH.
1176 1593 1214 1645 8,
1247 1608 1370 1648 quem
1399 1593 1535 1635 locum
1563 1593 1633 1635 ille
1671 1590 1822 1643 laudat,
1863 1589 1925 1631 di-

344 1664 449 1706 citur
478 1665 615 1721 quoad
640 1666 857 1707 humanum
884 1682 1010 1723 yemis
1040 1667 1236 1708 incolume
1264 1667 1472 1717 manserit,
1516 1669 1683 1721 apparet
1720 1678 1808 1706 rem
1836 1676 1926 1704 esse

344 1736 465 1792 plane
494 1736 714 1778 diversam.
772 1736 900 1779 Porro
930 1736 1042 1792 quod
1062 1739 1329 1779 humanorum
1350 1753 1515 1795 operam
1536 1743 1677 1779 custos
1697 1734 1926 1792 appellatur

345 1809 563 1861 memoria,
608 1809 732 1850 nimis
776 1809 898 1851 inane
942 1809 1081 1864 reique
1125 1825 1271 1867 parum
1314 1809 1667 1852 accommodatum
1709 1815 1772 1851 est
1815 1807 1926 1849 adie-

345 1881 510 1923 ctivum.
571 1880 630 1923 Ut
664 1887 800 1923 autem
835 1882 913 1924 hoc
960 1882 1097 1938 ipsum
1145 1884 1411 1925 humanorum
1454 1881 1730 1938 repudiamus,
1775 1881 1832 1923 ita
1874 1896 1926 1922 ne

345 1953 479 2008 priore
534 1953 700 2008 quidem
755 1953 843 1995 loco
899 1969 992 1996 cum
1050 1952 1309 2009 Schultingio
1369 1955 1475 2008 (not.
1506 1970 1544 2010 p.
1575 1954 1650 2007 43)
1702 1953 1928 1996 tutabimur

346 2027 649 2068 immortalium.
714 2024 881 2067 Urendo
929 2032 969 2067 et
1018 2026 1191 2068 secando
1240 2041 1342 2082 opus
1391 2041 1480 2068 esse
1527 2034 1639 2067 ratus
1688 2025 1926 2080 Madvigius

346 2097 534 2154 scripsit:
578 2098 687 2140 ‘idem
737 2100 901 2140 virtutis
943 2107 1034 2141 tuae
1078 2099 1290 2155 (vitae)que
1326 2100 1426 2155 finis
1469 2109 1536 2141 est.
1630 2099 1929 2141 Immortalium

347 2186 513 2227 operum
550 2187 630 2227 eqs.
688 2168 867 2212 Sustulit
909 2171 1047 2224 igitur,
1093 2178 1138 2212 ut
1180 2171 1261 2213 alia
1304 2171 1694 2227 praetermittamus,
1738 2169 1928 2213 voculam

347 2244 631 2285 humanorum:
681 2251 723 2284 at
770 2249 831 2284 est
880 2242 957 2285 hoc
1000 2243 1244 2284 emendandi
1292 2258 1421 2298 genus
1464 2243 1506 2284 in
1549 2243 1615 2284 his
1658 2242 1775 2285 libris
1809 2241 1928 2284 valde

346 2314 570 2368 lubricum,
609 2329 810 2371 perpauca
853 2315 1100 2370 glossemata
1142 2315 1262 2357 certis
1301 2315 1551 2369 argumentis
1588 2315 1744 2358 detecta
1782 2315 1927 2367 sunt,2)

347 2400 480 2441 neque
523 2401 598 2440 ego
644 2386 711 2428 hic
753 2386 958 2441 glossema
986 2387 1235 2442 agnoverim.
1295 2387 1407 2429 Bene
1450 2394 1588 2430 autem
1631 2387 1709 2430 hoc
1751 2386 1929 2428 sensisse

481 2553 507 2597 ¹)
533 2553 635 2597 Quae
658 2553 852 2588 interiecta
876 2557 962 2588 sunt
984 2554 1101 2594 verba,
1129 2564 1170 2589 ea
1193 2555 1246 2590 ita
1269 2555 1422 2600 legenda
1458 2555 1630 2590 arbitror:
1668 2565 1758 2602 quae
1790 2556 1928 2602 maqm's

346 2609 433 2643 viris
468 2610 542 2643 vita
573 2614 745 2655 perpetua
781 2615 842 2652 est,
873 2609 989 2654 (codd.
1014 2622 1079 2658 que
1101 2622 1229 2646 ortanus
1252 2613 1321 2646 viri
1342 2613 1416 2646 vita
1431 2616 1607 2658 pevpetua
1631 2611 1709 2654 est);
1739 2620 1812 2645 non
1835 2610 1929 2645 enim

349 2674 437 2707 opus
474 2668 532 2699 est
567 2675 646 2699 cum
680 2665 906 2711 Kiesslingio
941 2670 1133 2709 praeterea
1166 2669 1275 2703 vitam
1311 2672 1498 2715 perpetuat
1539 2666 1696 2702 scribere
1737 2670 1802 2701 aut
1836 2666 1928 2701 alios

349 2719 544 2755 audaciora
566 2721 758 2756 molientes
784 2723 894 2765 sequi.

482 2810 509 2852 2)
535 2809 593 2845 Sic
618 2813 716 2844 reete
740 2820 773 2854 p·
797 2813 873 2849 455
895 2816 1006 2846 morte
1028 2821 1050 2845 a
1073 2811 1269 2856 Madvigio‚
1305 2823 1342 2858 p.
1378 2814 1495 2851 15721
1514 2812 1694 2860 praelium
1717 2823 1739 2847 a
1761 2813 1926 2848 Vahleno

351 2863 481 2899 deleta.
529 2864 613 2909 Ipse
638 2866 722 2900 talis
747 2866 1038 2910 interpolationis
1064 2868 1262 2911 exemplum
1287 2869 1378 2903 satis
1402 2872 1539 2903 certum
1563 2879 1634 2904 non
1658 2869 1808 2912 repperi.
