2050 3324
288 1019 399 1114 Qua
429 1054 585 1096 ratione
623 1055 663 1096 in
701 1055 868 1097 edendis
905 1055 1209 1110 tractandisque
1249 1057 1428 1111 antiquis
1467 1058 1733 1113 scriptoribus

151 1125 376 1168 factitanda
403 1133 508 1168 esset
539 1141 606 1168 ars
636 1127 786 1177 critica,
818 1134 960 1169 nostro
992 1126 1154 1168 demum
1185 1127 1344 1169 saeculo
1374 1128 1474 1170 duce
1503 1137 1542 1170 et
1571 1137 1732 1170 auctore

151 1196 301 1240 Carolo
344 1196 612 1240 Lachmanno
659 1206 697 1240 et
742 1198 902 1254 plenius
947 1198 1197 1240 intellectum
1242 1205 1303 1241 est
1346 1207 1383 1240 et
1427 1201 1731 1256 comprobatum

152 1269 349 1326 exemplis
394 1269 675 1311 nobilissimis.
751 1268 914 1312 Scimus
958 1285 1067 1312 nunc
1111 1285 1252 1312 omnes
1297 1286 1458 1312 omnem
1497 1272 1620 1313 crisin
1658 1273 1730 1313 niti

152 1341 296 1384 debere
326 1349 435 1383 certo
457 1341 666 1396 solidoque
687 1341 964 1388 fundamento,
996 1342 1148 1384 scimus
1174 1352 1267 1384 ante
1287 1344 1423 1385 omnia
1443 1343 1729 1385 elaborandum

151 1428 240 1456 esse
269 1413 313 1455 in
342 1428 406 1465 eo,
444 1419 489 1454 ut
517 1413 703 1455 codicum
734 1415 998 1471 superstitum
1043 1414 1144 1456 fides
1180 1415 1261 1456 acri
1301 1415 1449 1457 iudicio
1489 1416 1731 1472 exploretur,

152 1493 198 1527 ut
239 1485 507 1540 investigetur
550 1486 584 1526 si
628 1500 709 1540 qua
750 1487 854 1528 inter
890 1501 958 1528 eos
990 1486 1210 1528 intercedat
1239 1487 1448 1540 cognatio,
1495 1495 1537 1528 ut
1580 1503 1731 1540 eorum,

152 1572 327 1614 quorum
355 1557 494 1612 aliqua
524 1558 576 1599 sit
602 1558 833 1610 auctoritas,
865 1558 1097 1600 testimonia
1127 1565 1341 1600 enotentur
1370 1564 1408 1600 et
1428 1559 1729 1616 perpendantur

152 1645 276 1686 quam
305 1630 622 1672 accuratissime.
682 1630 822 1685 Atque
845 1630 920 1672 hoc
948 1631 1085 1686 ipsum
1114 1630 1363 1683 recensendi,
1396 1630 1504 1687 quod
1526 1646 1732 1684 vocamus,

153 1702 347 1755 officium,
379 1717 460 1757 quo
483 1702 615 1757 magis
646 1702 855 1758 scriptoris
885 1702 1057 1744 alicuius
1087 1702 1180 1743 libri
1213 1702 1299 1744 sive
1328 1709 1558 1759 temporum
1587 1704 1734 1745 iniuria

152 1775 240 1816 sive
269 1774 483 1816 hominum
511 1780 582 1815 aut
622 1774 768 1816 inscita
796 1774 1051 1828 neglegentia
1087 1780 1158 1814 aut
1197 1773 1484 1830 intempestiva
1521 1774 1731 1817 sedulitate

154 1853 249 1888 sunt
293 1845 524 1903 depravati,
569 1861 616 1888 eo
658 1845 906 1888 fructuosius
951 1845 1052 1887 solet
1094 1860 1193 1887 esse.
1253 1844 1383 1888 Cuius
1413 1846 1469 1886 rei
1499 1847 1731 1903 exemplum

150 1919 353 1975 imprimis
384 1918 637 1960 luculentum
674 1923 814 1960 nostra
847 1923 977 1959 aetate
1010 1917 1215 1973 proditum
1253 1924 1316 1959 est
1344 1918 1518 1959 recensis
1548 1925 1587 1960 et
1617 1919 1732 1960 casti-

151 1990 258 2046 gatis
289 1990 339 2032 ad
369 1991 616 2046 optimorum
645 1990 821 2032 fontium
851 1989 973 2031 fidem
1011 1987 1190 2032 Senecae
1226 1989 1351 2045 patris
1390 1990 1666 2032 suasoriarum
1695 1999 1733 2032 et

150 2063 524 2105 controversiarum
553 2062 684 2104 libris.
748 2062 914 2104 Etenim
944 2076 1091 2118 corpus
1121 2059 1336 2118 ἀκέφαλον
1364 2066 1404 2102 et
1432 2061 1573 2104 ἄπουν
1602 2062 1732 2104 incre-

150 2135 318 2178 dibilem
361 2135 404 2176 in
452 2123 619 2177 modum
657 2134 942 2176 detruncatum
987 2134 1172 2188 maleque
1216 2132 1438 2174 mulcatum
1486 2140 1528 2174 ut
1570 2133 1732 2176 tandem

151 2207 373 2262 aliquando
403 2207 471 2248 via
515 2213 553 2248 et
596 2213 681 2248 arte
721 2207 853 2249 curari
883 2212 1031 2262 posset,
1076 2206 1263 2249 effectum
1307 2215 1369 2250 est
1397 2223 1444 2250 ea
1471 2208 1648 2249 maxime
1679 2223 1732 2259 re,

150 2279 260 2334 quod
301 2278 412 2321 fideli
455 2279 668 2334 diligentia
703 2278 859 2321 detecta
896 2285 991 2320 sunt
1024 2279 1115 2335 ipsa
1154 2280 1336 2333 vulnera,
1381 2295 1482 2335 quae
1512 2280 1733 2322 maximam

150 2357 308 2409 partem
338 2366 409 2407 per
438 2351 538 2394 haec
567 2357 758 2407 quattuor
788 2350 870 2393 fere
901 2351 1061 2393 saecula
1089 2351 1234 2394 leviter
1259 2352 1417 2394 obtecta
1447 2352 1580 2408 potius
1610 2366 1733 2406 quam

151 2424 315 2480 penitus
346 2433 489 2465 sanata
518 2423 737 2466 iacuerant.
796 2421 935 2474 Quam
972 2438 1135 2480 operam
1171 2424 1241 2478 qui
1270 2438 1377 2465 anno
1406 2421 1733 2466 MDCCOLVII

150 2502 315 2539 strenue
330 2495 540 2538 inchoavit
560 2494 779 2538 Conradus
799 2495 1030 2537 Bursianus
1053 2495 1102 2538 de
1132 2495 1196 2536 his
1214 2495 1398 2550 reliquiis
1413 2501 1473 2536 tot
1493 2496 1731 2537 nominibus

153 2569 322 2612 meritus
353 2575 426 2620 est,
470 2575 516 2610 ut
551 2569 836 2625 sospitatorem
873 2567 1050 2610 Senecae
1086 2568 1174 2610 iure
1203 2582 1296 2610 eum
1326 2567 1605 2624 appellaveris.
1664 2568 1731 2609 ln-

153 2641 340 2685 choatam
384 2647 519 2684 autem
563 2640 846 2683 tantummodo
890 2655 1056 2697 operam
1098 2639 1202 2692 dico,
1248 2640 1397 2696 quippe
1441 2654 1543 2694 quae
1581 2639 1733 2681 laboret

151 2714 263 2756 vitiis
293 2720 356 2756 sat
384 2713 526 2756 multis
557 2720 596 2756 et
625 2713 842 2768 gravibus⁷
872 2720 918 2753 ut
938 2712 1045 2754 inter
1064 2711 1211 2754 harum
1232 2727 1367 2754 rerum
1397 2712 1548 2768 peritos
1578 2711 1732 2753 dudum

150 2792 328 2840 constat3
369 2810 412 2816 —
441 2800 572 2841 neque
601 2800 698 2827 vero
735 2784 812 2827 hac
847 2800 890 2827 re
919 2799 965 2826 eo
1000 2783 1144 2826 deduci
1173 2799 1248 2826 nos
1278 2783 1491 2840 patiemur,
1523 2791 1567 2825 ut
1598 2783 1730 2825 virum

151 2859 410 2914 ingeniosum
443 2873 517 2900 sua
546 2857 666 2900 laude
694 2856 948 2900 fraudemus:
985 2854 1062 2898 fuit
1090 2856 1199 2898 enim
1228 2862 1364 2898 tantae
1393 2856 1513 2898 molis
1542 2870 1657 2910 opus,
1687 2861 1732 2896 ut

151 2946 259 2974 unus
303 2931 426 2973 homo
465 2929 567 2973 illud
612 2930 730 2986 plene
774 2929 967 2986 perficere
1010 2928 1080 2970 vix
1114 2927 1306 2984 potuerit,
1350 2928 1430 2969 nisi
1467 2927 1499 2969 si
1538 2926 1730 2969 Herculis
